<?xml version="1.0" encoding="UTF-8"?>
<collection>
  <record>
    <leader>00539c1 as22000272  45  </leader>
    <controlfield tag="001">FRBNF145714495</controlfield>
    <controlfield tag="003">http://catalogue.bnf.fr/ark:/12148/cb14571449q</controlfield>
    <controlfield tag="008">041001041104yyger           1752                             010 </controlfield>
    <datafield tag="043" ind1=" " ind2=" ">
      <subfield code="o">te</subfield>
    </datafield>
    <datafield tag="100" ind1=" " ind2=" ">
      <subfield code="3">12096891</subfield>
      <subfield code="1">ISNI0000000080935922</subfield>
      <subfield code="w">.0..b.....</subfield>
      <subfield code="a">Meier</subfield>
      <subfield code="m">Georg Friedrich</subfield>
      <subfield code="d">1718-1777</subfield>
    </datafield>
    <datafield tag="145" ind1="1" ind2="6">
      <subfield code="w">.0..b.ger.</subfield>
      <subfield code="a">Vernunftlehre</subfield>
    </datafield>
    <datafield tag="600" ind1=" " ind2=" ">
      <subfield code="a">Oeuvre philosophique esthétique</subfield>
    </datafield>
    <datafield tag="610" ind1=" " ind2=" ">
      <subfield code="a">Encycl. philosophique universelle. III, les oeuvres philosophiques / dir. J.-F. Mattéi, 1992 (sous : Meier, Georg Friedrich) : forme retenue</subfield>
    </datafield>
    <datafield tag="610" ind1=" " ind2=" ">
      <subfield code="a">Georg Friedrich Meiers "Vernunftlehre" / Riccardo Pozzo, 2000</subfield>
    </datafield>
    <datafield tag="612" ind1=" " ind2=" ">
      <subfield code="a">Dict. des philosophes / Denis Huisman, 1993</subfield>
    </datafield>
    <datafield tag="624" ind1=" " ind2=" ">
      <subfield code="a">100</subfield>
    </datafield>
  </record>
  <record>
    <leader>01474c0 as22000272  45  </leader>
    <controlfield tag="001">FRBNF125331596</controlfield>
    <controlfield tag="003">http://catalogue.bnf.fr/ark:/12148/cb12533159k</controlfield>
    <controlfield tag="008">961004061124xxlat                                            010 </controlfield>
    <datafield tag="043" ind1=" " ind2=" ">
      <subfield code="o">te</subfield>
    </datafield>
    <datafield tag="145" ind1="0" ind2="6">
      <subfield code="w">.1..b.fre.</subfield>
      <subfield code="a">Anthologie latine</subfield>
    </datafield>
    <datafield tag="145" ind1="0" ind2="6">
      <subfield code="w">.0..b.lat.</subfield>
      <subfield code="a">Anthologia latina</subfield>
    </datafield>
    <datafield tag="302" ind1=" " ind2=" ">
      <subfield code="3">16986598</subfield>
      <subfield code="t">Cento de verbi incarnatione</subfield>
    </datafield>
    <datafield tag="302" ind1=" " ind2=" ">
      <subfield code="3">16501562</subfield>
      <subfield code="t">Alcesta</subfield>
    </datafield>
    <datafield tag="302" ind1=" " ind2=" ">
      <subfield code="3">16720578</subfield>
      <subfield code="t">Versus ad gratiam domini</subfield>
    </datafield>
    <datafield tag="302" ind1=" " ind2=" ">
      <subfield code="3">12077260</subfield>
      <subfield code="t">Carmina latina epigraphica</subfield>
    </datafield>
    <datafield tag="302" ind1=" " ind2=" ">
      <subfield code="3">16541241</subfield>
      <subfield code="t">De ecclesia</subfield>
    </datafield>
    <datafield tag="302" ind1=" " ind2=" ">
      <subfield code="3">16140026</subfield>
      <subfield code="t">De alea</subfield>
    </datafield>
    <datafield tag="302" ind1=" " ind2=" ">
      <subfield code="3">15509763</subfield>
      <subfield code="t">Veillée de Vénus</subfield>
    </datafield>
    <datafield tag="302" ind1=" " ind2=" ">
      <subfield code="3">15115106</subfield>
      <subfield code="t">De rosis nascentibus</subfield>
    </datafield>
    <datafield tag="302" ind1=" " ind2=" ">
      <subfield code="3">12533136</subfield>
      <subfield code="t">Epistula Didonis ad Aeneam</subfield>
    </datafield>
    <datafield tag="320" ind1=" " ind2=" ">
      <subfield code="3">11967487</subfield>
      <subfield code="9">161</subfield>
      <subfield code="w">....b.....</subfield>
      <subfield code="a">Bibliothèque nationale de France</subfield>
      <subfield code="b">Département des manuscrits</subfield>
      <subfield code="x">Manuscrit. Latin 10318</subfield>
    </datafield>
    <datafield tag="600" ind1=" " ind2=" ">
      <subfield code="a">Collection de 380 courts poèmes latins composés en Afrique du Nord durant les 6 premiers siècles après Jésus-Christ</subfield>
      <subfield code="a">Ms : BN, Paris (Lat. 10318 codex Salmasianus)</subfield>
    </datafield>
    <datafield tag="610" ind1=" " ind2=" ">
      <subfield code="a">Laffont-Bompiani, Oeuvres et DLL : forme française retenue</subfield>
      <subfield code="a">DOC / Vittorio Volpi, 1994 : forme latine retenue</subfield>
    </datafield>
    <datafield tag="610" ind1=" " ind2=" ">
      <subfield code="a">Dictionnaire des auteurs grecs et latins de l'Antiquité et du Moyen Âge / Wolfgang Buchwald, Armin Hohlweg, Otto Prinz, 1991 : Anthologie latine</subfield>
      <subfield code="a">Teubner : Anthologia latina</subfield>
      <subfield code="a">Oxford Classical lit., 1995 (sous : Anthology)</subfield>
      <subfield code="a">Encycl. universalis (sous : Lecture, antiquité gréco-romaine) : Anthologia latina</subfield>
      <subfield code="u">http://www.universalis-edu.com/</subfield>
      <subfield code="d">2006-11-24</subfield>
    </datafield>
    <datafield tag="612" ind1=" " ind2=" ">
      <subfield code="a">Coll. Budé, 2006</subfield>
    </datafield>
    <datafield tag="612" ind1=" " ind2=" ">
      <subfield code="a">BN Cat. gén. 1960-1969</subfield>
    </datafield>
    <datafield tag="624" ind1=" " ind2=" ">
      <subfield code="a">800</subfield>
    </datafield>
    <datafield tag="907" ind1=" " ind2=" ">
      <subfield code="o">GEA</subfield>
      <subfield code="a">006971612</subfield>
      <subfield code="b">AMA</subfield>
    </datafield>
    <datafield tag="907" ind1=" " ind2=" ">
      <subfield code="o">GEA</subfield>
      <subfield code="a">006957363</subfield>
      <subfield code="b">ATU</subfield>
    </datafield>
    <datafield tag="917" ind1=" " ind2=" ">
      <subfield code="o">OPL</subfield>
      <subfield code="a">012820045</subfield>
      <subfield code="b">AMA</subfield>
    </datafield>
    <datafield tag="917" ind1=" " ind2=" ">
      <subfield code="o">OPL</subfield>
      <subfield code="a">012806914</subfield>
      <subfield code="b">ATU</subfield>
    </datafield>
  </record>