
  <record>
    <leader>00492c1 as22000272  45  </leader>
    <controlfield tag="001">FRBNF162377500</controlfield>
    <controlfield tag="003">http://catalogue.bnf.fr/ark:/12148/cb162377504</controlfield>
    <controlfield tag="008">101018101019yyspa           1957                             010 </controlfield>
    <datafield tag="043" ind1=" " ind2=" ">
      <subfield code="o">te</subfield>
    </datafield>
    <datafield tag="100" ind1=" " ind2=" ">
      <subfield code="3">11886629</subfield>
      <subfield code="1">ISNI0000000122805385</subfield>
      <subfield code="w">.0..b.....</subfield>
      <subfield code="a">Jiménez</subfield>
      <subfield code="m">Juan Ramón</subfield>
      <subfield code="d">1881-1958</subfield>
    </datafield>
    <datafield tag="145" ind1="1" ind2="6">
      <subfield code="w">.0..b.spa.</subfield>
      <subfield code="a">Tercera antolojía poética</subfield>
    </datafield>
    <datafield tag="445" ind1="1" ind2="6">
      <subfield code="w">....b.fre.</subfield>
      <subfield code="a">Troisième anthologie poétique</subfield>
    </datafield>
    <datafield tag="600" ind1=" " ind2=" ">
      <subfield code="a">Poèmes choisis</subfield>
    </datafield>
    <datafield tag="610" ind1=" " ind2=" ">
      <subfield code="a">Histoire de la littérature espagnole / dir. par Jean Canavaggio, DL 1994</subfield>
    </datafield>
    <datafield tag="610" ind1=" " ind2=" ">
      <subfield code="a">Laffont Bompiani, Auteurs, 1994 (sous : Jiménez, Juan Ramón) : Troisième anthologie poétique</subfield>
    </datafield>
    <datafield tag="624" ind1=" " ind2=" ">
      <subfield code="a">800</subfield>
    </datafield>
  </record>