
  <record>
    <leader>00713c1 as22000272  45  </leader>
    <controlfield tag="001">FRBNF150204348</controlfield>
    <controlfield tag="003">http://catalogue.bnf.fr/ark:/12148/cb15020434p</controlfield>
    <controlfield tag="008">051118051121yyeng           1915                             010 </controlfield>
    <datafield tag="043" ind1=" " ind2=" ">
      <subfield code="o">te</subfield>
    </datafield>
    <datafield tag="100" ind1=" " ind2=" ">
      <subfield code="3">11915049</subfield>
      <subfield code="1">ISNI0000000108814277</subfield>
      <subfield code="w">.0..b.....</subfield>
      <subfield code="a">Masters</subfield>
      <subfield code="m">Edgar Lee</subfield>
      <subfield code="d">1868-1950</subfield>
    </datafield>
    <datafield tag="145" ind1="1" ind2="6">
      <subfield code="w">.0..b.eng.</subfield>
      <subfield code="a">Spoon River anthology</subfield>
    </datafield>
    <datafield tag="445" ind1="1" ind2="6">
      <subfield code="w">....b.fre.</subfield>
      <subfield code="a">Anthologie de Spoon River</subfield>
    </datafield>
    <datafield tag="600" ind1=" " ind2=" ">
      <subfield code="a">Anthologie inspirée par la lecture des épigrammes funéraires de l'"Anthologie palatine" et qui se présente comme une juxtaposition de monologues en prose rythmée ou en vers libres</subfield>
      <subfield code="a">Suite parue en 1924 sous le titre : "The new Spoon River"="La nouvelle Spoon river"</subfield>
    </datafield>
    <datafield tag="610" ind1=" " ind2=" ">
      <subfield code="a">Oxford English lit. (sous : Masters, Edgar Lee) : forme retenue</subfield>
    </datafield>
    <datafield tag="610" ind1=" " ind2=" ">
      <subfield code="a">Encycl. de la litt., 2003 (sous : Masters, Edgar Lee) : Anthologie de Spoon River</subfield>
    </datafield>
    <datafield tag="624" ind1=" " ind2=" ">
      <subfield code="a">800</subfield>
    </datafield>
  </record>
  <record>
    <leader>00907c0 as22000272  45  </leader>
    <controlfield tag="001">FRBNF124886883</controlfield>
    <controlfield tag="003">http://catalogue.bnf.fr/ark:/12148/cb12488688m</controlfield>
    <controlfield tag="008">951103071128zzara                                            1   </controlfield>
    <datafield tag="043" ind1=" " ind2=" ">
      <subfield code="o">te</subfield>
    </datafield>
    <datafield tag="145" ind1="0" ind2="6">
      <subfield code="w">.1..b.fre.</subfield>
      <subfield code="a">Catéchisme druze</subfield>
    </datafield>
    <datafield tag="445" ind1="0" ind2="6">
      <subfield code="w">....b.fre.</subfield>
      <subfield code="a">Catéchisme des Druzes</subfield>
    </datafield>
    <datafield tag="445" ind1="0" ind2="6">
      <subfield code="w">....b.fre.</subfield>
      <subfield code="a">Manuel d'enseignement de la religion monothéiste</subfield>
    </datafield>
    <datafield tag="600" ind1=" " ind2=" ">
      <subfield code="a">Manuel d'enseignement des dogmes druzes sous forme de questions et réponses</subfield>
      <subfield code="a">Ms : BN, Paris (arabe 5188, titre en français de la main de S. de Sacy), (arabe 1444, XVIIe s.), (arabe 1445, XVIIIe s.), (arabe 1446, XIXe s.), (arabe 1447, XIXe s.) ; Biblioteca Reale, Turin (Ms. orientale 87)</subfield>
    </datafield>
    <datafield tag="610" ind1=" " ind2=" ">
      <subfield code="a">Encycl. Islam (sous : Durūz) : forme retenue</subfield>
    </datafield>
    <datafield tag="610" ind1=" " ind2=" ">
      <subfield code="a">Les druzes / Marie Dupont, 1994, p. 94 : le catéchisme</subfield>
      <subfield code="a">Entre la Raison et le Prophète : essai sur la religion des Druzes / Joseph Azzi, 1992 : catéchisme des Druzes (passim), Manuel d'enseignement de la religion monothéiste (p. 185)</subfield>
    </datafield>
    <datafield tag="907" ind1=" " ind2=" ">
      <subfield code="o">GEA</subfield>
      <subfield code="a">006379856</subfield>
    </datafield>
    <datafield tag="917" ind1=" " ind2=" ">
      <subfield code="o">OPL</subfield>
      <subfield code="a">011781625</subfield>
    </datafield>
  </record>