
  <record>
    <leader>00575c1 as22000272  45  </leader>
    <controlfield tag="001">FRBNF177406153</controlfield>
    <controlfield tag="003">http://catalogue.bnf.fr/ark:/12148/cb17740615v</controlfield>
    <controlfield tag="008">180611180620yyita           1913                             210 </controlfield>
    <datafield tag="043" ind1=" " ind2=" ">
      <subfield code="a">te</subfield>
    </datafield>
    <datafield tag="110" ind1=" " ind2=" ">
      <subfield code="3">11869156</subfield>
      <subfield code="1">ISNI0000000121577632</subfield>
      <subfield code="w">20..b.fre.</subfield>
      <subfield code="a">Église catholique</subfield>
    </datafield>
    <datafield tag="145" ind1="3" ind2="6">
      <subfield code="w">.0..b.ita.</subfield>
      <subfield code="a">Catechismo della dottrina cristiana</subfield>
    </datafield>
    <datafield tag="445" ind1="3" ind2="6">
      <subfield code="w">....b.fre.</subfield>
      <subfield code="a">Catéchisme de la doctrine chrétienne</subfield>
    </datafield>
    <datafield tag="445" ind1="3" ind2="6">
      <subfield code="w">....b.fre.</subfield>
      <subfield code="a">Catéchisme de Pie X</subfield>
    </datafield>
    <datafield tag="600" ind1=" " ind2=" ">
      <subfield code="a">Catéchisme approuvé le 18 octobre 1912, publication ordonnée par le pape Pie X</subfield>
    </datafield>
    <datafield tag="609" ind1=" " ind2=" ">
      <subfield code="r">edi1</subfield>
      <subfield code="p">it</subfield>
      <subfield code="a">Turin</subfield>
      <subfield code="d">1913</subfield>
    </datafield>
    <datafield tag="610" ind1=" " ind2=" ">
      <subfield code="a">Vatican</subfield>
      <subfield code="u">http://w2.vatican.va</subfield>
      <subfield code="d">2018-06-11</subfield>
    </datafield>
    <datafield tag="612" ind1=" " ind2=" ">
      <subfield code="a">Théo</subfield>
      <subfield code="a">Encycl. universalis</subfield>
      <subfield code="u">http://www.universalis-edu.com/</subfield>
      <subfield code="d">2018-06-20</subfield>
    </datafield>
    <datafield tag="624" ind1=" " ind2=" ">
      <subfield code="a">200</subfield>
    </datafield>
  </record>