
  <record>
    <leader>01072n1 as22000272  45  </leader>
    <controlfield tag="001">FRBNF166762187</controlfield>
    <controlfield tag="003">http://catalogue.bnf.fr/ark:/12148/cb16676218j</controlfield>
    <controlfield tag="008">130410      yylat           1558                             1   </controlfield>
    <datafield tag="043" ind1=" " ind2=" ">
      <subfield code="o">te</subfield>
    </datafield>
    <datafield tag="100" ind1=" " ind2=" ">
      <subfield code="3">12087800</subfield>
      <subfield code="1">ISNI000000010905410X</subfield>
      <subfield code="w">.1..b.fre.</subfield>
      <subfield code="a">Pierre Canisius</subfield>
      <subfield code="d">1521-1597</subfield>
      <subfield code="e">saint</subfield>
    </datafield>
    <datafield tag="145" ind1="1" ind2="6">
      <subfield code="w">.0..b.lat.</subfield>
      <subfield code="a">Parvus catechismus catholicorum</subfield>
    </datafield>
    <datafield tag="445" ind1="1" ind2="6">
      <subfield code="w">....b.lat.</subfield>
      <subfield code="a">Catechismus catholicorum</subfield>
    </datafield>
    <datafield tag="445" ind1="1" ind2="6">
      <subfield code="w">....b.lat.</subfield>
      <subfield code="a">Catechismus catholicus juventuti formandae hoc saeculo quam maxime necessarius</subfield>
    </datafield>
    <datafield tag="445" ind1="1" ind2="6">
      <subfield code="w">....b.lat.</subfield>
      <subfield code="a">Catechismus minor</subfield>
    </datafield>
    <datafield tag="445" ind1="1" ind2="6">
      <subfield code="w">....b.lat.</subfield>
      <subfield code="a">Institutiones christianae pietatis</subfield>
    </datafield>
    <datafield tag="445" ind1="1" ind2="6">
      <subfield code="w">....b.fre.</subfield>
      <subfield code="a">Petit catéchisme</subfield>
    </datafield>
    <datafield tag="445" ind1="1" ind2="6">
      <subfield code="w">....b.fre.</subfield>
      <subfield code="a">Petit catéchisme des catholiques</subfield>
    </datafield>
    <datafield tag="600" ind1=" " ind2=" ">
      <subfield code="a">Catéchisme à destination des classes moyennes, abrégé de "Summa doctrinae christianae"</subfield>
    </datafield>
    <datafield tag="610" ind1=" " ind2=" ">
      <subfield code="a">DTC (sous : Canisius, le B. Pierre) : Parvus catechismus catholicorum</subfield>
    </datafield>
    <datafield tag="610" ind1=" " ind2=" ">
      <subfield code="a">Dict. spiritualité (sous : Pierre Canisius) : Parvus catechismus catholicorum</subfield>
      <subfield code="a">Catholic encycl. (sous : Peter Canisius, blessed) : id.</subfield>
      <subfield code="u">http://www.newadvent.org</subfield>
      <subfield code="d">2013-04-10</subfield>
    </datafield>
    <datafield tag="612" ind1=" " ind2=" ">
      <subfield code="a">Catholicisme</subfield>
      <subfield code="a">Encycl. universalis</subfield>
      <subfield code="u">http://www.universalis-edu.com</subfield>
      <subfield code="d">2013-04-10</subfield>
    </datafield>
  </record>