
  <record>
    <leader>01039c0 as22000272  45  </leader>
    <controlfield tag="001">FRBNF123317181</controlfield>
    <controlfield tag="003">http://catalogue.bnf.fr/ark:/12148/cb12331718t</controlfield>
    <controlfield tag="008">930914070719yyfre           1812      1813                   010 </controlfield>
    <datafield tag="043" ind1=" " ind2=" ">
      <subfield code="o">te</subfield>
    </datafield>
    <datafield tag="100" ind1=" " ind2=" ">
      <subfield code="3">11905929</subfield>
      <subfield code="1">ISNI000000010895494X</subfield>
      <subfield code="w">.0..b.....</subfield>
      <subfield code="a">Grimm</subfield>
      <subfield code="m">Friedrich Melchior</subfield>
      <subfield code="d">1723-1807</subfield>
    </datafield>
    <datafield tag="145" ind1="1" ind2="6">
      <subfield code="w">.0..b.fre.</subfield>
      <subfield code="a">La correspondance littéraire</subfield>
    </datafield>
    <datafield tag="445" ind1="1" ind2="6">
      <subfield code="w">....b.fre.</subfield>
      <subfield code="a">La correspondance littéraire, philosophique et critique adressée à un souverain d'Allemagne depuis 1753 jusqu'en 1790</subfield>
    </datafield>
    <datafield tag="445" ind1="1" ind2="6">
      <subfield code="w">....b.fre.</subfield>
      <subfield code="a">Gazette littéraire</subfield>
    </datafield>
    <datafield tag="600" ind1=" " ind2=" ">
      <subfield code="a">Recueil épistolaire sur la littéraire française, initié par l'abbé Raynal, continué par Friedrich Melchior Grimm, épaulé entre 1753 et 1773 par Diderot et Mme d'Épinay,  entre 1773 et 1790 par Mme d'Épinay et par Jakob Heinrich Meister</subfield>
      <subfield code="a">Publié pour la première fois sous le titre " La correspondance littéraire, philosophique et critique adressée à un souverain d'Allemagne depuis 1753 jusqu'en 1790"</subfield>
      <subfield code="a">Également connu sous le titre "Gazette littéraire"</subfield>
      <subfield code="a">1re éd. complète en 1877-1882</subfield>
    </datafield>
    <datafield tag="610" ind1=" " ind2=" ">
      <subfield code="a">DLL, 1985 (sous : Grimm, Frédéric Melchior, baron de) : forme retenue</subfield>
    </datafield>
    <datafield tag="624" ind1=" " ind2=" ">
      <subfield code="a">800</subfield>
    </datafield>
    <datafield tag="907" ind1=" " ind2=" ">
      <subfield code="o">GEA</subfield>
      <subfield code="a">004552003</subfield>
    </datafield>
    <datafield tag="917" ind1=" " ind2=" ">
      <subfield code="o">OPL</subfield>
      <subfield code="a">009220072</subfield>
    </datafield>
  </record>