
  <record>
    <leader>01401c0 as22000272  45  </leader>
    <controlfield tag="001">FRBNF136049153</controlfield>
    <controlfield tag="003">http://catalogue.bnf.fr/ark:/12148/cb136049153</controlfield>
    <controlfield tag="008">010131071206yymul           01..                             1   </controlfield>
    <datafield tag="041" ind1=" " ind2=" ">
      <subfield code="a">grc</subfield>
      <subfield code="a">lat</subfield>
    </datafield>
    <datafield tag="043" ind1=" " ind2=" ">
      <subfield code="o">te</subfield>
    </datafield>
    <datafield tag="100" ind1=" " ind2=" ">
      <subfield code="3">12118663</subfield>
      <subfield code="1">ISNI0000000115730602</subfield>
      <subfield code="w"> 1  b.fre.</subfield>
      <subfield code="a">Fronton</subfield>
      <subfield code="d">0095?-0175?</subfield>
    </datafield>
    <datafield tag="145" ind1="1" ind2="6">
      <subfield code="w">.1..b.fre.</subfield>
      <subfield code="a">Lettres</subfield>
    </datafield>
    <datafield tag="145" ind1="1" ind2="6">
      <subfield code="w">.0..b.lat.</subfield>
      <subfield code="a">Epistulae</subfield>
    </datafield>
    <datafield tag="445" ind1="1" ind2="6">
      <subfield code="w">....b.fre.</subfield>
      <subfield code="a">Correspondance</subfield>
    </datafield>
    <datafield tag="445" ind1="1" ind2="6">
      <subfield code="w">....b.lat.</subfield>
      <subfield code="a">Epistolae</subfield>
    </datafield>
    <datafield tag="445" ind1="1" ind2="6">
      <subfield code="w">....b.eng.</subfield>
      <subfield code="a">Correspondence</subfield>
    </datafield>
    <datafield tag="445" ind1="1" ind2="6">
      <subfield code="w">....b.eng.</subfield>
      <subfield code="a">Letters</subfield>
    </datafield>
    <datafield tag="445" ind1="1" ind2="6">
      <subfield code="w">....b.ita.</subfield>
      <subfield code="a">Epistolario</subfield>
    </datafield>
    <datafield tag="600" ind1=" " ind2=" ">
      <subfield code="a">Correspondance, en partie en grec, en partie en latin, découverte aux débuts du XIXe s. Les lettres sont notamment adressées à Marc Aurèle, ancien élève de Fronton</subfield>
    </datafield>
    <datafield tag="610" ind1=" " ind2=" ">
      <subfield code="a">Laffont-Bompiani, Oeuvres, 1994 : forme française retenue</subfield>
      <subfield code="a">Teubner, 1988 : forme latine retenue</subfield>
    </datafield>
    <datafield tag="610" ind1=" " ind2=" ">
      <subfield code="a">Van Tieghem (sous : Fronton) : Correspondance</subfield>
      <subfield code="a">DOC / V. Volpi, 1994 (sous : Fronto, Marcus Cornelius) : Epistulae</subfield>
    </datafield>
    <datafield tag="612" ind1=" " ind2=" ">
      <subfield code="a">Coll. Budé</subfield>
      <subfield code="a">Encycl. Grèce</subfield>
      <subfield code="a">Papyros</subfield>
    </datafield>
    <datafield tag="612" ind1=" " ind2=" ">
      <subfield code="a">Dict. encyclopédique du christianisme ancien (sous : Fronton de Cirta) "Il laissa des lettres et des discours"</subfield>
      <subfield code="a">Dictionnaire des auteurs grecs et latins de l'Antiquité et du Moyen âge / W. Buchwald, A. Hohlweg, O. Prinz, 1991</subfield>
      <subfield code="a">Larousse, 19e s.</subfield>
      <subfield code="a">GLU</subfield>
      <subfield code="a">Oxford classical dict.</subfield>
      <subfield code="a">Encycl. universalis, 1985</subfield>
      <subfield code="a">Encicl. italiana</subfield>
    </datafield>
    <datafield tag="612" ind1=" " ind2=" ">
      <subfield code="a">BN Cat. gén. (sous : Fronton) : pas de titre de classement</subfield>
    </datafield>
    <datafield tag="907" ind1=" " ind2=" ">
      <subfield code="o">GEA</subfield>
      <subfield code="a">009327569</subfield>
    </datafield>
    <datafield tag="917" ind1=" " ind2=" ">
      <subfield code="o">OPL</subfield>
      <subfield code="a">015314971</subfield>
    </datafield>
  </record>