
  <record>
    <leader>00403c0 as22000272  45  </leader>
    <controlfield tag="001">FRBNF119683949</controlfield>
    <controlfield tag="003">http://catalogue.bnf.fr/ark:/12148/cb119683941</controlfield>
    <controlfield tag="008">850122120814yyeng           1939      1941                   010 </controlfield>
    <datafield tag="043" ind1=" " ind2=" ">
      <subfield code="o">te</subfield>
    </datafield>
    <datafield tag="100" ind1=" " ind2=" ">
      <subfield code="3">11916130</subfield>
      <subfield code="1">ISNI0000000121348039</subfield>
      <subfield code="w">.0..b.....</subfield>
      <subfield code="a">Miller</subfield>
      <subfield code="m">Henry</subfield>
      <subfield code="d">1891-1980</subfield>
    </datafield>
    <datafield tag="145" ind1="1" ind2="6">
      <subfield code="w">.0..b.eng.</subfield>
      <subfield code="a">Hamlet</subfield>
    </datafield>
    <datafield tag="600" ind1=" " ind2=" ">
      <subfield code="a">Correspondance philosophique avec Michael Frankel publiée en 2 vol.</subfield>
    </datafield>
    <datafield tag="610" ind1=" " ind2=" ">
      <subfield code="a">Oxford American lit., 1983 (sous : Miller, Henry)</subfield>
    </datafield>
    <datafield tag="624" ind1=" " ind2=" ">
      <subfield code="a">800</subfield>
    </datafield>
    <datafield tag="624" ind1=" " ind2=" ">
      <subfield code="a">100</subfield>
    </datafield>
    <datafield tag="907" ind1=" " ind2=" ">
      <subfield code="o">GEA</subfield>
      <subfield code="a">000991889</subfield>
    </datafield>
    <datafield tag="917" ind1=" " ind2=" ">
      <subfield code="o">OPL</subfield>
      <subfield code="a">002016619</subfield>
    </datafield>
  </record>
  <record>
    <leader>00448c0 as2200027   45  </leader>
    <controlfield tag="001">FRBNF135629865</controlfield>
    <controlfield tag="003">http://catalogue.bnf.fr/ark:/12148/cb135629866</controlfield>
    <controlfield tag="008">000711070629frfre           1984                             210 </controlfield>
    <datafield tag="043" ind1=" " ind2=" ">
      <subfield code="o">te</subfield>
    </datafield>
    <datafield tag="145" ind1="0" ind2="6">
      <subfield code="w">.0..b.fre.</subfield>
      <subfield code="a">Dictionnaire des philosophes</subfield>
    </datafield>
    <datafield tag="321" ind1=" " ind2=" ">
      <subfield code="r">Publié sous la direction de</subfield>
      <subfield code="3">11908000</subfield>
      <subfield code="9">100</subfield>
      <subfield code="w">.0..b.....</subfield>
      <subfield code="a">Huisman</subfield>
      <subfield code="m">Denis</subfield>
      <subfield code="d">1929-2021</subfield>
    </datafield>
    <datafield tag="600" ind1=" " ind2=" ">
      <subfield code="a">Dictionnaire biographique de philosophie</subfield>
      <subfield code="a">Éd. revue et corrigée en 1993</subfield>
    </datafield>
    <datafield tag="610" ind1=" " ind2=" ">
      <subfield code="a">WW France, 2005-2006 (sous : Huisman, Denis)</subfield>
    </datafield>
    <datafield tag="624" ind1=" " ind2=" ">
      <subfield code="a">100</subfield>
    </datafield>
    <datafield tag="907" ind1=" " ind2=" ">
      <subfield code="o">GEA</subfield>
      <subfield code="a">009058492</subfield>
    </datafield>
    <datafield tag="917" ind1=" " ind2=" ">
      <subfield code="o">OPL</subfield>
      <subfield code="a">01501958X</subfield>
    </datafield>
  </record>