
  <record>
    <leader>01268c1 as2200027   45  </leader>
    <controlfield tag="001">FRBNF122410825</controlfield>
    <controlfield tag="003">http://catalogue.bnf.fr/ark:/12148/cb122410821</controlfield>
    <controlfield tag="008">920317070222yyfre           1650                             010 </controlfield>
    <datafield tag="043" ind1=" " ind2=" ">
      <subfield code="o">te</subfield>
    </datafield>
    <datafield tag="100" ind1=" " ind2=" ">
      <subfield code="3">11993916</subfield>
      <subfield code="1">ISNI0000000080815971</subfield>
      <subfield code="w">.0..b.....</subfield>
      <subfield code="a">Ménage</subfield>
      <subfield code="m">Gilles</subfield>
      <subfield code="d">1613-1692</subfield>
    </datafield>
    <datafield tag="145" ind1="1" ind2="6">
      <subfield code="w">....b.fre.</subfield>
      <subfield code="a">Dictionnaire étymologique</subfield>
    </datafield>
    <datafield tag="445" ind1="1" ind2="6">
      <subfield code="w">....b.fre.</subfield>
      <subfield code="a">Dictionnaire étymologique de la langue française</subfield>
    </datafield>
    <datafield tag="445" ind1="1" ind2="6">
      <subfield code="w">....b.fre.</subfield>
      <subfield code="a">Dictionnaire étymologique ou Origines de la langues française</subfield>
    </datafield>
    <datafield tag="445" ind1="1" ind2="6">
      <subfield code="w">....b.fre.</subfield>
      <subfield code="a">Origine de la langues française</subfield>
    </datafield>
    <datafield tag="445" ind1="1" ind2="6">
      <subfield code="w">....b.fre.</subfield>
      <subfield code="a">Origines de la langues française</subfield>
    </datafield>
    <datafield tag="445" ind1="1" ind2="6">
      <subfield code="w">....b.fre.</subfield>
      <subfield code="a">Origines de la langues francoise</subfield>
    </datafield>
    <datafield tag="600" ind1=" " ind2=" ">
      <subfield code="a">Dictionnaire d'etymologie publié d'abord sous le titre "Origines de la langue francoise"</subfield>
      <subfield code="a">Ce n'est qu'à partir lors de l'éd. de 1694 qu'il deviendra "Dictionnaire etymologique"</subfield>
    </datafield>
    <datafield tag="610" ind1=" " ind2=" ">
      <subfield code="a">Encycl. universalis, 1985, Index (sous : Ménage, Gilles) : forme retenue</subfield>
    </datafield>
    <datafield tag="610" ind1=" " ind2=" ">
      <subfield code="a">Beaumarchais (sous : Ménage, Gilles) : Origines de la langues française</subfield>
      <subfield code="a">Grente, 17e s. (sous : Ménage, Gilles) : Origines de la langues francoise</subfield>
      <subfield code="a">DLL, 1985 (sous : Ménage, Gilles) : Origine de la langues française</subfield>
      <subfield code="a">Van Tieghem, 1984 (sous : Ménage, Gilles) : Dictionnaire étymologique de la langue française</subfield>
    </datafield>
    <datafield tag="612" ind1=" " ind2=" ">
      <subfield code="a">Laffont Bompiani, Oeuvres, 1994</subfield>
      <subfield code="a">Dictionnaire universel des littératures / dir. B. Didier, 1994</subfield>
    </datafield>
    <datafield tag="624" ind1=" " ind2=" ">
      <subfield code="a">800</subfield>
    </datafield>
    <datafield tag="907" ind1=" " ind2=" ">
      <subfield code="o">GEA</subfield>
      <subfield code="a">00345487X</subfield>
    </datafield>
    <datafield tag="917" ind1=" " ind2=" ">
      <subfield code="o">OPL</subfield>
      <subfield code="a">008065466</subfield>
    </datafield>
  </record>