
  <record>
    <leader>00749c1 as2200027   45  </leader>
    <controlfield tag="001">FRBNF120427982</controlfield>
    <controlfield tag="003">http://catalogue.bnf.fr/ark:/12148/cb120427987</controlfield>
    <controlfield tag="008">870618190204yyfre           1680                             010 </controlfield>
    <datafield tag="043" ind1=" " ind2=" ">
      <subfield code="o">te</subfield>
    </datafield>
    <datafield tag="100" ind1=" " ind2=" ">
      <subfield code="3">12170996</subfield>
      <subfield code="1">ISNI0000000121451757</subfield>
      <subfield code="w">.0..b.....</subfield>
      <subfield code="a">Richelet</subfield>
      <subfield code="m">Pierre</subfield>
      <subfield code="d">1626-1698</subfield>
    </datafield>
    <datafield tag="145" ind1="1" ind2="6">
      <subfield code="w">.0..b.fre.</subfield>
      <subfield code="a">Dictionnaire de langue française</subfield>
    </datafield>
    <datafield tag="445" ind1="1" ind2="6">
      <subfield code="w">....b.fre.</subfield>
      <subfield code="a">Dictionnaire français</subfield>
    </datafield>
    <datafield tag="445" ind1="1" ind2="6">
      <subfield code="w">....b.fre.</subfield>
      <subfield code="a">Dictionnaire français contenant les mots et les choses</subfield>
    </datafield>
    <datafield tag="445" ind1="1" ind2="6">
      <subfield code="w">....b.fre.</subfield>
      <subfield code="a">Dictionnaire françois</subfield>
    </datafield>
    <datafield tag="600" ind1=" " ind2=" ">
      <subfield code="a">Dictionnaire linguistique</subfield>
    </datafield>
    <datafield tag="610" ind1=" " ind2=" ">
      <subfield code="a">Beaumarchais (sous : Richelet, César Pierre) : forme retenue</subfield>
    </datafield>
    <datafield tag="610" ind1=" " ind2=" ">
      <subfield code="a">DLL, 1985 (sous : Richelet, César Pierre) : Dictionnaire français contenant les mots et les choses</subfield>
      <subfield code="a">Van Tieghem, 1984 (sous : Richelet, César-Pierre) : Dictionnaire français</subfield>
    </datafield>
    <datafield tag="612" ind1=" " ind2=" ">
      <subfield code="a">Grente, 17e s.</subfield>
    </datafield>
    <datafield tag="624" ind1=" " ind2=" ">
      <subfield code="a">400</subfield>
    </datafield>
    <datafield tag="907" ind1=" " ind2=" ">
      <subfield code="o">GEA</subfield>
      <subfield code="a">001655610</subfield>
    </datafield>
    <datafield tag="917" ind1=" " ind2=" ">
      <subfield code="o">OPL</subfield>
      <subfield code="a">003414412</subfield>
    </datafield>
  </record>