
  <record>
    <leader>01064c0 as2200027   45  </leader>
    <controlfield tag="001">FRBNF122520798</controlfield>
    <controlfield tag="003">http://catalogue.bnf.fr/ark:/12148/cb12252079k</controlfield>
    <controlfield tag="008">920616070727yymul           1673                             010 </controlfield>
    <datafield tag="041" ind1=" " ind2=" ">
      <subfield code="a">fre</subfield>
      <subfield code="a">lat</subfield>
      <subfield code="a">pol</subfield>
    </datafield>
    <datafield tag="043" ind1=" " ind2=" ">
      <subfield code="o">te</subfield>
    </datafield>
    <datafield tag="100" ind1=" " ind2=" ">
      <subfield code="3">12170969</subfield>
      <subfield code="1">ISNI0000000110258302</subfield>
      <subfield code="w">.0..b.....</subfield>
      <subfield code="a">Danet</subfield>
      <subfield code="m">Pierre</subfield>
      <subfield code="d">1650?-1709</subfield>
    </datafield>
    <datafield tag="145" ind1="1" ind2="6">
      <subfield code="w">.0..b.lat.</subfield>
      <subfield code="a">Dictionarium novum latinum et gallicum</subfield>
    </datafield>
    <datafield tag="445" ind1="1" ind2="6">
      <subfield code="w">....b.lat.</subfield>
      <subfield code="a">Dictionarium latinum et gallicum</subfield>
    </datafield>
    <datafield tag="445" ind1="1" ind2="6">
      <subfield code="w">....b.fre.</subfield>
      <subfield code="a">Magnum Dictionarium latinum et gallicum</subfield>
    </datafield>
    <datafield tag="445" ind1="1" ind2="6">
      <subfield code="w">....b.fre.</subfield>
      <subfield code="a">Dictionnaire françois et latin</subfield>
    </datafield>
    <datafield tag="445" ind1="1" ind2="6">
      <subfield code="w">....b.fre.</subfield>
      <subfield code="a">Grand dictionnaire françois et latin</subfield>
    </datafield>
    <datafield tag="445" ind1="1" ind2="6">
      <subfield code="w">....b.fre.</subfield>
      <subfield code="a">Nouveau Dictionnaire françois et latin</subfield>
    </datafield>
    <datafield tag="445" ind1="1" ind2="6">
      <subfield code="w">....b.fre.</subfield>
      <subfield code="a">Nouveau grand dictionnaire françois, latin et polonois</subfield>
    </datafield>
    <datafield tag="600" ind1=" " ind2=" ">
      <subfield code="a">Dictionnaire bilingue français-latin auquel s'ajoutera lors d'une éd. en 1743-1745 une partie en polonais, rédigée par  Franciszek Dymitr Kola</subfield>
    </datafield>
    <datafield tag="610" ind1=" " ind2=" ">
      <subfield code="a">DBF (sous : Danet, Pierre) : forme retenue</subfield>
    </datafield>
    <datafield tag="610" ind1=" " ind2=" ">
      <subfield code="a">Hoefer (sous : Danet, Pierre) : Dictionarium latinum et gallicum</subfield>
      <subfield code="a">Le "Nouveau grand dictionnaire françois, latin et polonois" et sa place dans la lexicographie polonaise / Anna Bochnakowa, 1991</subfield>
    </datafield>
    <datafield tag="624" ind1=" " ind2=" ">
      <subfield code="a">400</subfield>
    </datafield>
    <datafield tag="907" ind1=" " ind2=" ">
      <subfield code="o">GEA</subfield>
      <subfield code="a">00361768X</subfield>
    </datafield>
    <datafield tag="917" ind1=" " ind2=" ">
      <subfield code="o">OPL</subfield>
      <subfield code="a">008211202</subfield>
    </datafield>
  </record>