
  <record>
    <leader>00767c0 as2200027   45  </leader>
    <controlfield tag="001">FRBNF125711488</controlfield>
    <controlfield tag="003">http://catalogue.bnf.fr/ark:/12148/cb125711488</controlfield>
    <controlfield tag="008">970619121010yymul           1540                             010 </controlfield>
    <datafield tag="041" ind1=" " ind2=" ">
      <subfield code="a">frm</subfield>
      <subfield code="a">lat</subfield>
    </datafield>
    <datafield tag="043" ind1=" " ind2=" ">
      <subfield code="o">te</subfield>
    </datafield>
    <datafield tag="100" ind1=" " ind2=" ">
      <subfield code="3">12170907</subfield>
      <subfield code="1">ISNI0000000120981502</subfield>
      <subfield code="w">.1..b.....</subfield>
      <subfield code="a">Estienne</subfield>
      <subfield code="m">Robert</subfield>
      <subfield code="d">1503?-1559</subfield>
    </datafield>
    <datafield tag="145" ind1="1" ind2="6">
      <subfield code="w">.0..b.fre.</subfield>
      <subfield code="a">Dictionnaire français-latin</subfield>
    </datafield>
    <datafield tag="445" ind1="1" ind2="6">
      <subfield code="w">....b.frm.</subfield>
      <subfield code="a">Dictionnaire françois-latin</subfield>
    </datafield>
    <datafield tag="445" ind1="1" ind2="6">
      <subfield code="w">....b.frm.</subfield>
      <subfield code="a">Dictionaire françois-latin, autrement dict les mots françois avec les manieres duser diceulx, tournez en latin</subfield>
    </datafield>
    <datafield tag="445" ind1="1" ind2="6">
      <subfield code="w">....b.frm.</subfield>
      <subfield code="a">Dictionaire françois-latin, contenant des motz et manières de parler françois, tournez en latin</subfield>
    </datafield>
    <datafield tag="600" ind1=" " ind2=" ">
      <subfield code="a">Dictionnaire bilingue</subfield>
    </datafield>
    <datafield tag="610" ind1=" " ind2=" ">
      <subfield code="a">DLL, 1985 (sous : Estienne, Robert) : Dictionnaire français-latin</subfield>
    </datafield>
    <datafield tag="610" ind1=" " ind2=" ">
      <subfield code="a">Beaumarchais (sous : les Estienne) : Dictionnaire françois-latin</subfield>
    </datafield>
    <datafield tag="624" ind1=" " ind2=" ">
      <subfield code="a">400</subfield>
    </datafield>
    <datafield tag="907" ind1=" " ind2=" ">
      <subfield code="o">GEA</subfield>
      <subfield code="a">007462707</subfield>
    </datafield>
    <datafield tag="917" ind1=" " ind2=" ">
      <subfield code="o">OPL</subfield>
      <subfield code="a">013316849</subfield>
    </datafield>
  </record>