
  <record>
    <leader>00729c1 as22000272  45  </leader>
    <controlfield tag="001">FRBNF144379389</controlfield>
    <controlfield tag="003">http://catalogue.bnf.fr/ark:/12148/cb14437938w</controlfield>
    <controlfield tag="008">021126161025yyfre                                            210 </controlfield>
    <datafield tag="043" ind1=" " ind2=" ">
      <subfield code="o">te</subfield>
    </datafield>
    <datafield tag="100" ind1=" " ind2=" ">
      <subfield code="3">12326762</subfield>
      <subfield code="1">ISNI0000000083604280</subfield>
      <subfield code="w">.0..b.....</subfield>
      <subfield code="a">Lavaudant</subfield>
      <subfield code="m">Georges</subfield>
      <subfield code="d">1947-....</subfield>
    </datafield>
    <datafield tag="100" ind1=" " ind2=" ">
      <subfield code="3">12458301</subfield>
      <subfield code="1">ISNI0000000000290301</subfield>
      <subfield code="w">.0..b.....</subfield>
      <subfield code="a">Loayza</subfield>
      <subfield code="m">Daniel</subfield>
      <subfield code="d">1961-....</subfield>
    </datafield>
    <datafield tag="145" ind1="2" ind2="6">
      <subfield code="w">.0..b.fre.</subfield>
      <subfield code="a">Impressions d'Afrique</subfield>
    </datafield>
    <datafield tag="301" ind1="5" ind2=" ">
      <subfield code="3">13178433</subfield>
      <subfield code="a">Roussel</subfield>
      <subfield code="m">Raymond</subfield>
      <subfield code="d">1877-1933</subfield>
      <subfield code="t">Impressions d'Afrique</subfield>
    </datafield>
    <datafield tag="320" ind1=" " ind2=" ">
      <subfield code="3">14437927</subfield>
      <subfield code="9">144</subfield>
      <subfield code="a">Battistelli</subfield>
      <subfield code="m">Giorgio</subfield>
      <subfield code="d">1953-....</subfield>
      <subfield code="t">[Impressions d'Afrique]</subfield>
    </datafield>
    <datafield tag="460" ind1=" " ind2=" ">
      <subfield code="w">....b.....</subfield>
      <subfield code="a">Loayza</subfield>
      <subfield code="m">Daniel</subfield>
      <subfield code="d">1961-....</subfield>
      <subfield code="t">Impressions d'Afrique</subfield>
    </datafield>
    <datafield tag="600" ind1=" " ind2=" ">
      <subfield code="a">Livret d'opéra</subfield>
    </datafield>
    <datafield tag="610" ind1=" " ind2=" ">
      <subfield code="a">Impressions d'Afrique : [drame musical de Giorgio Battistelli] : [livret de Daniel Loayza et de Georges Lavaudant...] : [programme] / Opéra national du Rhin, 2002</subfield>
    </datafield>
    <datafield tag="624" ind1=" " ind2=" ">
      <subfield code="a">780</subfield>
    </datafield>
    <datafield tag="996" ind1=" " ind2=" ">
      <subfield code="o">OPP</subfield>
      <subfield code="a">14437936</subfield>
      <subfield code="d">20161013</subfield>
    </datafield>
  </record>
  <record>
    <leader>00561c0 at22000272  45  </leader>
    <controlfield tag="001">FRBNF120920719</controlfield>
    <controlfield tag="003">http://catalogue.bnf.fr/ark:/12148/cb120920719</controlfield>
    <controlfield tag="008">881125910110esspa          ....................              1   </controlfield>
    <datafield tag="141" ind1=" " ind2=" ">
      <subfield code="w">.0..b.spa.</subfield>
      <subfield code="a">Bernardo del Carpio</subfield>
    </datafield>
    <datafield tag="441" ind1=" " ind2=" ">
      <subfield code="w">....b.spa.</subfield>
      <subfield code="a">Cantar de Bernardo del Carpio</subfield>
    </datafield>
    <datafield tag="441" ind1=" " ind2=" ">
      <subfield code="w">....b.spa.</subfield>
      <subfield code="a">Poema de Bernardo del Carpio</subfield>
    </datafield>
    <datafield tag="600" ind1=" " ind2=" ">
      <subfield code="a">Chanson de geste perdue</subfield>
      <subfield code="a">Diverses versions en prose dans les chroniques</subfield>
    </datafield>
    <datafield tag="610" ind1=" " ind2=" ">
      <subfield code="a">IFLA, Anonymous classics, 1978</subfield>
    </datafield>
    <datafield tag="610" ind1=" " ind2=" ">
      <subfield code="a">Dic. de la lit. española / dir. por G. Bleiberg</subfield>
      <subfield code="a">Hist. de la lit. española / J. L. Alborg, 1981</subfield>
    </datafield>
    <datafield tag="610" ind1=" " ind2=" ">
      <subfield code="a">BN Cat. gén. 1960-1969 : forme retenue</subfield>
    </datafield>
    <datafield tag="907" ind1=" " ind2=" ">
      <subfield code="o">GEA</subfield>
      <subfield code="a">00210455X</subfield>
    </datafield>
    <datafield tag="917" ind1=" " ind2=" ">
      <subfield code="o">OPL</subfield>
      <subfield code="a">004203877</subfield>
    </datafield>
  </record>