
  <record>
    <leader>00526c1 as2200027   45  </leader>
    <controlfield tag="001">FRBNF145599477</controlfield>
    <controlfield tag="003">http://catalogue.bnf.fr/ark:/12148/cb14559947x</controlfield>
    <controlfield tag="008">040802060906yyfre           1735                             010 </controlfield>
    <datafield tag="043" ind1=" " ind2=" ">
      <subfield code="o">te</subfield>
    </datafield>
    <datafield tag="100" ind1=" " ind2=" ">
      <subfield code="3">11914622</subfield>
      <subfield code="1">ISNI0000000121458289</subfield>
      <subfield code="w">.0..b.....</subfield>
      <subfield code="a">Marivaux</subfield>
      <subfield code="m">Pierre de</subfield>
      <subfield code="d">1688-1763</subfield>
    </datafield>
    <datafield tag="145" ind1="1" ind2="6">
      <subfield code="w">.0..b.fre.</subfield>
      <subfield code="a">La mère confidente</subfield>
    </datafield>
    <datafield tag="600" ind1=" " ind2=" ">
      <subfield code="a">Comédie</subfield>
    </datafield>
    <datafield tag="610" ind1=" " ind2=" ">
      <subfield code="a">Van Tieghem : forme retenue</subfield>
    </datafield>
    <datafield tag="610" ind1=" " ind2=" ">
      <subfield code="a">Encycl. de la littérature, 2003 (sous : Marivaux, Pierre Carlet de Chamblain de) : La mère confidente</subfield>
    </datafield>
    <datafield tag="612" ind1=" " ind2=" ">
      <subfield code="a">Laffont Bompiani, Oeuvres</subfield>
    </datafield>
    <datafield tag="612" ind1=" " ind2=" ">
      <subfield code="a">BN Cat. gén. (sous : Marivaux, Pierre Carlet  de Chamblain de) : pas de titre de classement</subfield>
    </datafield>
    <datafield tag="624" ind1=" " ind2=" ">
      <subfield code="a">800</subfield>
    </datafield>
  </record>