
  <record>
    <leader>00509c1 as22000272  45  </leader>
    <controlfield tag="001">FRBNF145425487</controlfield>
    <controlfield tag="003">http://catalogue.bnf.fr/ark:/12148/cb145425488</controlfield>
    <controlfield tag="008">040506040518cnchi                                            210 </controlfield>
    <datafield tag="043" ind1=" " ind2=" ">
      <subfield code="o">te</subfield>
    </datafield>
    <datafield tag="100" ind1=" " ind2=" ">
      <subfield code="3">12128945</subfield>
      <subfield code="1">ISNI0000000119994218</subfield>
      <subfield code="w"> 0  ba....</subfield>
      <subfield code="a">Wang</subfield>
      <subfield code="m">Meng</subfield>
      <subfield code="d">1934-....</subfield>
    </datafield>
    <datafield tag="145" ind1="1" ind2="6">
      <subfield code="w">.0..b.chi.</subfield>
      <subfield code="a">Chien ying ti hsi chou</subfield>
    </datafield>
    <datafield tag="445" ind1="1" ind2="6">
      <subfield code="w">....b.ger.</subfield>
      <subfield code="a">Zäher Brei</subfield>
    </datafield>
    <datafield tag="600" ind1=" " ind2=" ">
      <subfield code="a">Conte</subfield>
    </datafield>
    <datafield tag="610" ind1=" " ind2=" ">
      <subfield code="a">Politische Literatur in China seit 1991-1992 : eine Übersetzung der Erzählung "Zäher Brei" und die Dokumentation einer absurden Debate / Martin Woesler, 1994</subfield>
    </datafield>
    <datafield tag="610" ind1=" " ind2=" ">
      <subfield code="a">Bibliothèque nationale, Chine</subfield>
      <subfield code="u">http://www.nlc.gov.cn</subfield>
      <subfield code="d">2004-05-06</subfield>
    </datafield>
    <datafield tag="624" ind1=" " ind2=" ">
      <subfield code="a">800</subfield>
    </datafield>
  </record>