
  <record>
    <leader>00393c1 as22000272  45  </leader>
    <controlfield tag="001">FRBNF167108009</controlfield>
    <controlfield tag="003">http://catalogue.bnf.fr/ark:/12148/cb16710800m</controlfield>
    <controlfield tag="008">130920130923yylat           1529                             010 </controlfield>
    <datafield tag="043" ind1=" " ind2=" ">
      <subfield code="o">te</subfield>
    </datafield>
    <datafield tag="100" ind1=" " ind2=" ">
      <subfield code="3">13092494</subfield>
      <subfield code="1">ISNI0000000122831559</subfield>
      <subfield code="w">.0..b.....</subfield>
      <subfield code="a">Hutten</subfield>
      <subfield code="m">Ulrich von</subfield>
      <subfield code="d">1488-1523</subfield>
    </datafield>
    <datafield tag="145" ind1="1" ind2="6">
      <subfield code="w">.0..b.lat.</subfield>
      <subfield code="a">Arminius</subfield>
    </datafield>
    <datafield tag="600" ind1=" " ind2=" ">
      <subfield code="a">Dialogue</subfield>
    </datafield>
    <datafield tag="610" ind1=" " ind2=" ">
      <subfield code="a">DLL (sous : Hutten, Ulrich von) : Arminius</subfield>
    </datafield>
    <datafield tag="610" ind1=" " ind2=" ">
      <subfield code="a">Laffont Bompiani, Oeuvres, 1994 (sous : Arminius)</subfield>
    </datafield>
    <datafield tag="612" ind1=" " ind2=" ">
      <subfield code="a">Van Tieghem (sous : Hutten, Ulrich von)</subfield>
    </datafield>
    <datafield tag="624" ind1=" " ind2=" ">
      <subfield code="a">800</subfield>
    </datafield>
  </record>
  <record>
    <leader>01216c0 at22000272  45  </leader>
    <controlfield tag="001">FRBNF12130859X</controlfield>
    <controlfield tag="003">http://catalogue.bnf.fr/ark:/12148/cb121308593</controlfield>
    <controlfield tag="008">891123921102zzmul          ....................              1   </controlfield>
    <datafield tag="141" ind1=" " ind2=" ">
      <subfield code="w">.0..bukir.</subfield>
      <subfield code="a">Er-Töshtük</subfield>
    </datafield>
    <datafield tag="301" ind1=" " ind2=" ">
      <subfield code="3">12270209</subfield>
      <subfield code="w">.0..bakir.</subfield>
      <subfield code="a">Manas</subfield>
    </datafield>
    <datafield tag="441" ind1=" " ind2=" ">
      <subfield code="w">....bukaz.</subfield>
      <subfield code="a">Er-Töstik</subfield>
    </datafield>
    <datafield tag="441" ind1=" " ind2=" ">
      <subfield code="w">....bukaz.</subfield>
      <subfield code="a">Ir-Töstük</subfield>
    </datafield>
    <datafield tag="441" ind1=" " ind2=" ">
      <subfield code="w">....bukaz.</subfield>
      <subfield code="a">Kan Shentäi</subfield>
    </datafield>
    <datafield tag="441" ind1=" " ind2=" ">
      <subfield code="w">....butar.</subfield>
      <subfield code="a">Yir-Tüshlük</subfield>
    </datafield>
    <datafield tag="441" ind1=" " ind2=" ">
      <subfield code="w">....bu....</subfield>
      <subfield code="a">Jirtüshlük</subfield>
    </datafield>
    <datafield tag="441" ind1=" " ind2=" ">
      <subfield code="w">....bu....</subfield>
      <subfield code="a">Jär-Tüshtück</subfield>
    </datafield>
    <datafield tag="441" ind1=" " ind2=" ">
      <subfield code="w">....b.fre.</subfield>
      <subfield code="a">Épopée de Töshlik</subfield>
    </datafield>
    <datafield tag="441" ind1=" " ind2=" ">
      <subfield code="w">....b.tur.</subfield>
      <subfield code="a">Er Tös̜tük</subfield>
    </datafield>
    <datafield tag="600" ind1=" " ind2=" ">
      <subfield code="a">Épopée commune aux peuples de langues turques de la Khirghizie, du Kazakhstan et de la région de Tümen</subfield>
      <subfield code="a">Versions kirghizes en vers et en prose, version kazakh et tatare en prose</subfield>
      <subfield code="a">Aucun ms, toutes les versions connues sont de tradition orale et ont été recueillies à partir de la fin du XIXe s.</subfield>
      <subfield code="a">Certains rattachent cette épopée à "Manas" parce que relatent les mêmes événements</subfield>
    </datafield>
    <datafield tag="610" ind1=" " ind2=" ">
      <subfield code="a">Aventures merveilleuses sous terre et ailleurs de Er-Töshtük, le Géant des steppes / trad. par Pertev Boratav, 1989</subfield>
    </datafield>
    <datafield tag="610" ind1=" " ind2=" ">
      <subfield code="a">DLL (art. : Épopée) : forme retenue</subfield>
      <subfield code="a">Encyc. universalis, t. 7, p. 71 b et c : forme retenue</subfield>
    </datafield>
    <datafield tag="612" ind1=" " ind2=" ">
      <subfield code="a">IFLA, Anonymous classics, 1964</subfield>
    </datafield>
    <datafield tag="612" ind1=" " ind2=" ">
      <subfield code="a">Laffont Bompiani, Œuvres</subfield>
      <subfield code="a">Van Tieghem</subfield>
      <subfield code="a">LCNA 1977-1986</subfield>
    </datafield>
    <datafield tag="612" ind1=" " ind2=" ">
      <subfield code="a">BN Cat. gén.1960-1969</subfield>
    </datafield>
    <datafield tag="907" ind1=" " ind2=" ">
      <subfield code="o">GEA</subfield>
      <subfield code="a">002470130</subfield>
    </datafield>
    <datafield tag="917" ind1=" " ind2=" ">
      <subfield code="o">OPL</subfield>
      <subfield code="a">004818660</subfield>
    </datafield>
  </record>
  <record>
    <leader>01340c1 at22000272  45  </leader>
    <controlfield tag="001">FRBNF151218685</controlfield>
    <controlfield tag="003">http://catalogue.bnf.fr/ark:/12148/cb15121868h</controlfield>
    <controlfield tag="008">061215070104xxakk          -07..                             010 </controlfield>
    <datafield tag="141" ind1=" " ind2=" ">
      <subfield code="w">.1..b.fre.</subfield>
      <subfield code="a">Épopée d'Erra</subfield>
    </datafield>
    <datafield tag="321" ind1="1" ind2=" ">
      <subfield code="3">12964891</subfield>
      <subfield code="9">100</subfield>
      <subfield code="w">.0..b.....</subfield>
      <subfield code="a">Kabti̇-İlāni̇-Marduk</subfield>
    </datafield>
    <datafield tag="441" ind1=" " ind2=" ">
      <subfield code="w">....b.fre.</subfield>
      <subfield code="a">Erra</subfield>
    </datafield>
    <datafield tag="441" ind1=" " ind2=" ">
      <subfield code="w">....b.fre.</subfield>
      <subfield code="a">Erra et Ishum</subfield>
    </datafield>
    <datafield tag="441" ind1=" " ind2=" ">
      <subfield code="w">....b.fre.</subfield>
      <subfield code="a">Poème d'Éra</subfield>
    </datafield>
    <datafield tag="441" ind1=" " ind2=" ">
      <subfield code="w">....b.fre.</subfield>
      <subfield code="a">Poème d'Erra</subfield>
    </datafield>
    <datafield tag="441" ind1=" " ind2=" ">
      <subfield code="w">....b.ger.</subfield>
      <subfield code="a">Era-Epos</subfield>
    </datafield>
    <datafield tag="441" ind1=" " ind2=" ">
      <subfield code="w">....b.ger.</subfield>
      <subfield code="a">Erra-Epos</subfield>
    </datafield>
    <datafield tag="441" ind1=" " ind2=" ">
      <subfield code="w">....b.ger.</subfield>
      <subfield code="a">Erra-Mythos</subfield>
    </datafield>
    <datafield tag="441" ind1=" " ind2=" ">
      <subfield code="w">....b.eng.</subfield>
      <subfield code="a">Erra epic</subfield>
    </datafield>
    <datafield tag="441" ind1=" " ind2=" ">
      <subfield code="w">....b.....</subfield>
      <subfield code="a">Ira</subfield>
    </datafield>
    <datafield tag="441" ind1=" " ind2=" ">
      <subfield code="w">....b.... </subfield>
      <subfield code="a">Irra</subfield>
    </datafield>
    <datafield tag="441" ind1=" " ind2=" ">
      <subfield code="w">....b.eng.</subfield>
      <subfield code="a">Poem of Erra</subfield>
    </datafield>
    <datafield tag="441" ind1=" " ind2=" ">
      <subfield code="w">....b.ita.</subfield>
      <subfield code="a">Epopea di Erra</subfield>
    </datafield>
    <datafield tag="600" ind1=" " ind2=" ">
      <subfield code="a">Poème épique et mythologique, d'environ 750 vers, en 5 tablettes, écrit en Babylonie au milieu du VIIIe s. par un scribe</subfield>
      <subfield code="a">Doit son nom au dieu de la peste et de la guerre, Erra</subfield>
    </datafield>
    <datafield tag="610" ind1=" " ind2=" ">
      <subfield code="a">Dictionnaire des civilisations de l'Orient ancien / Guy Rachet, 1999 (sous : Erra) : forme retenue</subfield>
    </datafield>
    <datafield tag="610" ind1=" " ind2=" ">
      <subfield code="a">DLL, 195-1986 (sous : Akkadienne, littérature) : Épopée d'Erra</subfield>
      <subfield code="a">Encycl. universalis : Éra ou Erra (Poème d')</subfield>
      <subfield code="u">http://www.universalis-edu.com</subfield>
      <subfield code="d">2006-12-15</subfield>
      <subfield code="a">Dictionnaire des religions / dir. Paul Poupard, 1984 (sous : Erra, religion babylonienne) : Épopée d'Erra</subfield>
      <subfield code="a">Encyclopédie philosophique universelle. III, Les oeuvres philosophiques / sous la dir. de Jean-François Mattéi, 1992 (sous : Mésopotamie) : Erra</subfield>
      <subfield code="a">LC authorities : Erra epic</subfield>
      <subfield code="u">http://authorities.loc.gov</subfield>
      <subfield code="d">2006-12-18</subfield>
    </datafield>
  </record>
  <record>
    <leader>01723c1 as22000272  45  </leader>
    <controlfield tag="001">FRBNF157554536</controlfield>
    <controlfield tag="003">http://catalogue.bnf.fr/ark:/12148/cb157554530</controlfield>
    <controlfield tag="008">080814170131cnchi           13..    ?                        010 </controlfield>
    <datafield tag="043" ind1=" " ind2=" ">
      <subfield code="o">te</subfield>
    </datafield>
    <datafield tag="145" ind1="0" ind2="6">
      <subfield code="w">.0..bachi.</subfield>
      <subfield code="a">San guo yan yi</subfield>
    </datafield>
    <datafield tag="145" ind1="0" ind2="6">
      <subfield code="w">.0..1.chi.</subfield>
      <subfield code="a">三國演義</subfield>
    </datafield>
    <datafield tag="321" ind1=" " ind2=" ">
      <subfield code="r">Version attribuée à</subfield>
      <subfield code="3">11913473</subfield>
      <subfield code="9">100</subfield>
      <subfield code="w"> 0  ba....</subfield>
      <subfield code="a">Luo</subfield>
      <subfield code="m">Guan zhong</subfield>
      <subfield code="d">1330?-1400?</subfield>
    </datafield>
    <datafield tag="445" ind1="0" ind2="6">
      <subfield code="w">....bachi.</subfield>
      <subfield code="a">San guo quan zhuan</subfield>
    </datafield>
    <datafield tag="445" ind1="0" ind2="6">
      <subfield code="w">. ..1.chi.</subfield>
      <subfield code="a">三國全傳</subfield>
    </datafield>
    <datafield tag="445" ind1="0" ind2="6">
      <subfield code="w">. ..bachi.</subfield>
      <subfield code="a">Sanguo yanyi</subfield>
    </datafield>
    <datafield tag="445" ind1="0" ind2="6">
      <subfield code="w">. ..1.chi.</subfield>
      <subfield code="a">三国演义</subfield>
    </datafield>
    <datafield tag="445" ind1="0" ind2="6">
      <subfield code="w">....bachi.</subfield>
      <subfield code="a">San guo ying xiong zhi zhuan</subfield>
    </datafield>
    <datafield tag="445" ind1="0" ind2="6">
      <subfield code="w">. ..1.chi.</subfield>
      <subfield code="a">三國英雄志傳</subfield>
    </datafield>
    <datafield tag="445" ind1="0" ind2="6">
      <subfield code="w">....bachi.</subfield>
      <subfield code="a">Sanguo yingxiong zhi zhuan</subfield>
    </datafield>
    <datafield tag="445" ind1="0" ind2="6">
      <subfield code="w">....bachi.</subfield>
      <subfield code="a">San guo zhi tong su yan yi</subfield>
    </datafield>
    <datafield tag="445" ind1="0" ind2="6">
      <subfield code="w">. ..1.chi.</subfield>
      <subfield code="a">三國志通俗演義</subfield>
    </datafield>
    <datafield tag="445" ind1="0" ind2="6">
      <subfield code="w">....bachi.</subfield>
      <subfield code="a">Sanguo zhi tongsu yanyi</subfield>
    </datafield>
    <datafield tag="445" ind1="0" ind2="6">
      <subfield code="w">....bachi.</subfield>
      <subfield code="a">Sanguozhi tongsu yanyi</subfield>
    </datafield>
    <datafield tag="445" ind1="0" ind2="6">
      <subfield code="w">. ..1.chi.</subfield>
      <subfield code="a">三国志通俗演义</subfield>
    </datafield>
    <datafield tag="445" ind1="0" ind2="6">
      <subfield code="w">....bachi.</subfield>
      <subfield code="a">San guo zhi yan yi</subfield>
    </datafield>
    <datafield tag="445" ind1="0" ind2="6">
      <subfield code="w">. ..1.chi.</subfield>
      <subfield code="a">三國志演義</subfield>
    </datafield>
    <datafield tag="445" ind1="0" ind2="6">
      <subfield code="w">....bachi.</subfield>
      <subfield code="a">Sanguo zhi yanyi</subfield>
    </datafield>
    <datafield tag="445" ind1="0" ind2="6">
      <subfield code="w">....bachi.</subfield>
      <subfield code="a">Sanguozhi yanyi</subfield>
    </datafield>
    <datafield tag="445" ind1="0" ind2="6">
      <subfield code="w">....bachi.</subfield>
      <subfield code="a">San guo zhi zhuan</subfield>
    </datafield>
    <datafield tag="445" ind1="0" ind2="6">
      <subfield code="w">. ..1.chi.</subfield>
      <subfield code="a">三國志傳</subfield>
    </datafield>
    <datafield tag="445" ind1="0" ind2="6">
      <subfield code="w">....bachi.</subfield>
      <subfield code="a">Sanguo zhi zhuan</subfield>
    </datafield>
    <datafield tag="445" ind1="0" ind2="6">
      <subfield code="w">....bachi.</subfield>
      <subfield code="a">San guo zhi zhuan tong su yan yi</subfield>
    </datafield>
    <datafield tag="445" ind1="0" ind2="6">
      <subfield code="w">. ..1.chi.</subfield>
      <subfield code="a">三國志傳通俗演義</subfield>
    </datafield>
    <datafield tag="445" ind1="0" ind2="6">
      <subfield code="w">....bxchi.</subfield>
      <subfield code="a">San kouo yen yi</subfield>
    </datafield>
    <datafield tag="445" ind1="0" ind2="6">
      <subfield code="w">....bxchi.</subfield>
      <subfield code="a">San kuo yen i</subfield>
    </datafield>
    <datafield tag="445" ind1="0" ind2="6">
      <subfield code="w">....bachi.</subfield>
      <subfield code="a">Xin kan tongsu yan yi San guo shi zhuan</subfield>
    </datafield>
    <datafield tag="445" ind1="0" ind2="6">
      <subfield code="w">. ..1.chi.</subfield>
      <subfield code="a">新刊通俗演義三國史傳</subfield>
    </datafield>
    <datafield tag="445" ind1="0" ind2="6">
      <subfield code="w">....b.eng.</subfield>
      <subfield code="a">Romance of three kingdoms</subfield>
    </datafield>
    <datafield tag="445" ind1="0" ind2="6">
      <subfield code="w">....b.eng.</subfield>
      <subfield code="a">Three kingdoms</subfield>
    </datafield>
    <datafield tag="445" ind1="0" ind2="6">
      <subfield code="w">....b.fre.</subfield>
      <subfield code="a">L'épopée des trois royaumes</subfield>
    </datafield>
    <datafield tag="445" ind1="0" ind2="6">
      <subfield code="w">....b.fre.</subfield>
      <subfield code="a">Les trois royaumes</subfield>
    </datafield>
    <datafield tag="600" ind1=" " ind2=" ">
      <subfield code="a">Un des quatre grands romans de la littérature classique chinoise, en 240 chapitres</subfield>
    </datafield>
    <datafield tag="610" ind1=" " ind2=" ">
      <subfield code="a">Ci hai, 1999 : forme retenue</subfield>
    </datafield>
    <datafield tag="610" ind1=" " ind2=" ">
      <subfield code="a">BN MSS, 2017-01-31</subfield>
    </datafield>
    <datafield tag="624" ind1=" " ind2=" ">
      <subfield code="a">800</subfield>
    </datafield>
  </record>