
  <record>
    <leader>00549c1 as22000272  45  </leader>
    <controlfield tag="001">FRBNF119858569</controlfield>
    <controlfield tag="003">http://catalogue.bnf.fr/ark:/12148/cb11985856j</controlfield>
    <controlfield tag="008">850909050506yyeng           1944                             010 </controlfield>
    <datafield tag="043" ind1=" " ind2=" ">
      <subfield code="o">te</subfield>
    </datafield>
    <datafield tag="100" ind1=" " ind2=" ">
      <subfield code="3">11918228</subfield>
      <subfield code="w">.0.2b.....</subfield>
      <subfield code="a">Orwell</subfield>
      <subfield code="m">George</subfield>
      <subfield code="d">1903-1950</subfield>
    </datafield>
    <datafield tag="145" ind1="1" ind2="6">
      <subfield code="w">.0..b.eng.</subfield>
      <subfield code="a">Animal farm</subfield>
    </datafield>
    <datafield tag="445" ind1="1" ind2="6">
      <subfield code="w">....b.fre.</subfield>
      <subfield code="a">La ferme des animaux</subfield>
    </datafield>
    <datafield tag="600" ind1=" " ind2=" ">
      <subfield code="a">Fable satirique</subfield>
      <subfield code="a">Satire du régime stalinien et fable philosophique</subfield>
    </datafield>
    <datafield tag="610" ind1=" " ind2=" ">
      <subfield code="a">Encycl. Britannica (sous : Orwell, George) : forme retenue</subfield>
      <subfield code="u">http://www.britannica.com/</subfield>
      <subfield code="d">2005-05-06</subfield>
    </datafield>
    <datafield tag="610" ind1=" " ind2=" ">
      <subfield code="a">Laffont-Bompiani, Oeuvres, 1994 : La ferme des animaux</subfield>
    </datafield>
    <datafield tag="624" ind1=" " ind2=" ">
      <subfield code="a">800</subfield>
    </datafield>
    <datafield tag="907" ind1=" " ind2=" ">
      <subfield code="o">GEA</subfield>
      <subfield code="a">00122724X</subfield>
    </datafield>
    <datafield tag="917" ind1=" " ind2=" ">
      <subfield code="o">OPL</subfield>
      <subfield code="a">002244124</subfield>
    </datafield>
  </record>
  <record>
    <leader>00634c0 as22000272  45  </leader>
    <controlfield tag="001">FRBNF120011507</controlfield>
    <controlfield tag="003">http://catalogue.bnf.fr/ark:/12148/cb12001150h</controlfield>
    <controlfield tag="008">860804110331oogmh                                            210 </controlfield>
    <datafield tag="040" ind1=" " ind2=" ">
      <subfield code="b">xdhh</subfield>
    </datafield>
    <datafield tag="043" ind1=" " ind2=" ">
      <subfield code="o">te</subfield>
    </datafield>
    <datafield tag="145" ind1="0" ind2="6">
      <subfield code="w">.0..b.ger.</subfield>
      <subfield code="a">Drei listige Frauen</subfield>
    </datafield>
    <datafield tag="301" ind1=" " ind2=" ">
      <subfield code="3">12001161</subfield>
      <subfield code="a">Kaufringer</subfield>
      <subfield code="m">Heinrich</subfield>
      <subfield code="d">13..?-14..?</subfield>
      <subfield code="t">Drei listige Frauen</subfield>
    </datafield>
    <datafield tag="301" ind1=" " ind2=" ">
      <subfield code="3">12001169</subfield>
      <subfield code="t">Drei buhlerische Frauen</subfield>
    </datafield>
    <datafield tag="301" ind1=" " ind2=" ">
      <subfield code="3">12001167</subfield>
      <subfield code="a">Folz</subfield>
      <subfield code="m">Hans</subfield>
      <subfield code="d">1440?-1513</subfield>
      <subfield code="t">Drei listige Frauen</subfield>
    </datafield>
    <datafield tag="320" ind1=" " ind2=" ">
      <subfield code="3">12331645</subfield>
      <subfield code="9">141</subfield>
      <subfield code="w">.0..b.fro.</subfield>
      <subfield code="a">Trois dames qui troverent l'anel</subfield>
    </datafield>
    <datafield tag="600" ind1=" " ind2=" ">
      <subfield code="a">Fabliau</subfield>
    </datafield>
    <datafield tag="610" ind1=" " ind2=" ">
      <subfield code="a">Stammler</subfield>
    </datafield>
    <datafield tag="610" ind1=" " ind2=" ">
      <subfield code="a">Die Wette der drei Frauen : Beiträge zur Motivgeschichte und zur literarischen Interpretation der Schwankdichtung / Francis Raas, 1983</subfield>
    </datafield>
    <datafield tag="907" ind1=" " ind2=" ">
      <subfield code="o">GEA</subfield>
      <subfield code="a">001351504</subfield>
    </datafield>
    <datafield tag="917" ind1=" " ind2=" ">
      <subfield code="o">OPL</subfield>
      <subfield code="a">002402962</subfield>
    </datafield>
  </record>