
  <record>
    <leader>00505c0 as22000272  45  </leader>
    <controlfield tag="001">FRBNF123460514</controlfield>
    <controlfield tag="003">http://catalogue.bnf.fr/ark:/12148/cb123460514</controlfield>
    <controlfield tag="008">931109080624yypor           1524                             210 </controlfield>
    <datafield tag="043" ind1=" " ind2=" ">
      <subfield code="o">te</subfield>
    </datafield>
    <datafield tag="100" ind1=" " ind2=" ">
      <subfield code="3">11928186</subfield>
      <subfield code="1">ISNI0000000122762549</subfield>
      <subfield code="w">.0..b.....</subfield>
      <subfield code="a">Vicente</subfield>
      <subfield code="m">Gil</subfield>
      <subfield code="d">1465?-1537?</subfield>
    </datafield>
    <datafield tag="145" ind1="1" ind2="6">
      <subfield code="w">.0..b.por.</subfield>
      <subfield code="a">Farsa dos Físicos</subfield>
    </datafield>
    <datafield tag="445" ind1="1" ind2="6">
      <subfield code="w">....b.por.</subfield>
      <subfield code="a">Auto dos Físicos</subfield>
    </datafield>
    <datafield tag="445" ind1="1" ind2="6">
      <subfield code="w">....b.por.</subfield>
      <subfield code="a">Físicos</subfield>
    </datafield>
    <datafield tag="600" ind1=" " ind2=" ">
      <subfield code="a">Farce</subfield>
    </datafield>
    <datafield tag="610" ind1=" " ind2=" ">
      <subfield code="a">Grande enciclopédia Portuguesa e Brasileira, 1956-1959 (sous : Vicente, Gil) : forme retenue</subfield>
    </datafield>
    <datafield tag="610" ind1=" " ind2=" ">
      <subfield code="a">Coelho (sous : Vicente, Gil) : Físicos</subfield>
    </datafield>
    <datafield tag="624" ind1=" " ind2=" ">
      <subfield code="a">800</subfield>
    </datafield>
    <datafield tag="624" ind1=" " ind2=" ">
      <subfield code="a">790</subfield>
    </datafield>
    <datafield tag="907" ind1=" " ind2=" ">
      <subfield code="o">GEA</subfield>
      <subfield code="a">004716709</subfield>
    </datafield>
    <datafield tag="917" ind1=" " ind2=" ">
      <subfield code="o">OPL</subfield>
      <subfield code="a">009396437</subfield>
    </datafield>
  </record>
  <record>
    <leader>00884c1 as22000272  45  </leader>
    <controlfield tag="001">FRBNF144005509</controlfield>
    <controlfield tag="003">http://catalogue.bnf.fr/ark:/12148/cb14400550b</controlfield>
    <controlfield tag="008">020307030328oogmh           1530    ?                        1   </controlfield>
    <datafield tag="040" ind1=" " ind2=" ">
      <subfield code="b">xdhh</subfield>
    </datafield>
    <datafield tag="043" ind1=" " ind2=" ">
      <subfield code="o">te</subfield>
    </datafield>
    <datafield tag="145" ind1="0" ind2="6">
      <subfield code="w">.0..b.ger.</subfield>
      <subfield code="a">Die Nürnberger Susanna</subfield>
    </datafield>
    <datafield tag="445" ind1="0" ind2="6">
      <subfield code="w">....b.gmh.</subfield>
      <subfield code="a">Ein kurtz und seer schön Spil, von der Gotfürchtigen und keuschen frawen Susanna</subfield>
    </datafield>
    <datafield tag="445" ind1="0" ind2="6">
      <subfield code="w">....b.ger.</subfield>
      <subfield code="a">Susanna</subfield>
      <subfield code="e">jeu de carnaval germanique</subfield>
    </datafield>
    <datafield tag="445" ind1="0" ind2="6">
      <subfield code="w">....b.eng.</subfield>
      <subfield code="a">The Nürnberg Susanna</subfield>
    </datafield>
    <datafield tag="600" ind1=" " ind2=" ">
      <subfield code="a">Jeu de carnaval en 5 actes provenant de Nüremberg et datant d'environ 1530</subfield>
      <subfield code="a">Ms : Ratsschulbibl., Zwickau</subfield>
    </datafield>
    <datafield tag="610" ind1=" " ind2=" ">
      <subfield code="a">Ein Forschungsbericht : das deutsche Drama der Reformationszeit, 1989,  p. 33 : forme retenue</subfield>
    </datafield>
    <datafield tag="610" ind1=" " ind2=" ">
      <subfield code="a">Die Nürnberger Susanna / hrsg. W.F. Michael, 1994</subfield>
      <subfield code="a">The Susanna theme in German lit. / P.F. Casey, 1976 : The Nürnberg Susanna</subfield>
    </datafield>
    <datafield tag="612" ind1=" " ind2=" ">
      <subfield code="a">IFLA, Anonymous classics, 1978</subfield>
    </datafield>
    <datafield tag="612" ind1=" " ind2=" ">
      <subfield code="a">Lit. lex. / W. Killy, 1988-1993</subfield>
      <subfield code="a">Stammler, 1978</subfield>
      <subfield code="a">Hist. de la littérature allemande du Moyen âge / W. Spiewok, 1992</subfield>
    </datafield>
  </record>