
  <record>
    <leader>00487c0 as22000272  45  </leader>
    <controlfield tag="001">FRBNF121784154</controlfield>
    <controlfield tag="003">http://catalogue.bnf.fr/ark:/12148/cb121784154</controlfield>
    <controlfield tag="008">820908080411yyita           1935                             010 </controlfield>
    <datafield tag="043" ind1=" " ind2=" ">
      <subfield code="o">te</subfield>
    </datafield>
    <datafield tag="100" ind1=" " ind2=" ">
      <subfield code="3">11886047</subfield>
      <subfield code="1">ISNI0000000121317742</subfield>
      <subfield code="w">.0..b.....</subfield>
      <subfield code="a">D'Annunzio</subfield>
      <subfield code="m">Gabriele</subfield>
      <subfield code="d">1863-1938</subfield>
    </datafield>
    <datafield tag="145" ind1="1" ind2="6">
      <subfield code="w">.0..b.ita.</subfield>
      <subfield code="a">Cento e cento e cento e cento pagine del libro segreto di Gabriele d'Annunzio tentato di morire</subfield>
    </datafield>
    <datafield tag="445" ind1="1" ind2="6">
      <subfield code="w">....b.ita.</subfield>
      <subfield code="a">Libro segreto</subfield>
    </datafield>
    <datafield tag="600" ind1=" " ind2=" ">
      <subfield code="a">Journal intime</subfield>
    </datafield>
    <datafield tag="610" ind1=" " ind2=" ">
      <subfield code="a">Lett. ital., 1990-1991 (sous : D'Annunzio, Gabriele) : forme retenue</subfield>
    </datafield>
    <datafield tag="624" ind1=" " ind2=" ">
      <subfield code="a">800</subfield>
    </datafield>
    <datafield tag="907" ind1=" " ind2=" ">
      <subfield code="o">GEA</subfield>
      <subfield code="a">002838187</subfield>
    </datafield>
    <datafield tag="917" ind1=" " ind2=" ">
      <subfield code="o">OPL</subfield>
      <subfield code="a">00594232X</subfield>
    </datafield>
  </record>
  <record>
    <leader>01015c0 at22000272  45  </leader>
    <controlfield tag="001">FRBNF122016766</controlfield>
    <controlfield tag="003">http://catalogue.bnf.fr/ark:/12148/cb12201676x</controlfield>
    <controlfield tag="008">910517080424gbenm           13..                             010 </controlfield>
    <datafield tag="141" ind1=" " ind2=" ">
      <subfield code="w">.0..b.eng.</subfield>
      <subfield code="a">Sir Orfeo</subfield>
    </datafield>
    <datafield tag="441" ind1=" " ind2=" ">
      <subfield code="w">....b.eng.</subfield>
      <subfield code="a">Orfeo</subfield>
      <subfield code="o">Sir</subfield>
    </datafield>
    <datafield tag="441" ind1=" " ind2=" ">
      <subfield code="w">....b.fre.</subfield>
      <subfield code="a">Lai de Sire Orfée</subfield>
    </datafield>
    <datafield tag="441" ind1=" " ind2=" ">
      <subfield code="w">....b.fre.</subfield>
      <subfield code="a">Sire Orfée</subfield>
    </datafield>
    <datafield tag="600" ind1=" " ind2=" ">
      <subfield code="a">Lai breton, en 604 vers, du début du XIVe s., en moyen anglais, à partir d'un poème anglo-normand perdu</subfield>
      <subfield code="a">Version celtique de l'histoire d'Orphée</subfield>
      <subfield code="a">Ms : National Libr. of Scotland, Edimbourg (ms Auchinleck, Advocates 19.21, ca 1330) ; Brit. Libr., Londres (Harley 3810, début XVe s.) ; Bodl. Libr., Oxford (Ashmole 61, ca 1488)</subfield>
    </datafield>
    <datafield tag="610" ind1=" " ind2=" ">
      <subfield code="a">Histoire de la littérature anglaise du Moyen âge / André Crépin, Hélène Taurinya Dauby, 1993, p. 108 : forme retenue</subfield>
    </datafield>
    <datafield tag="610" ind1=" " ind2=" ">
      <subfield code="a">Sir Orfeo / Marie-Thérèse Brouland, 1990</subfield>
      <subfield code="a">Oxford English lit. : Orfeo, Sir</subfield>
    </datafield>
    <datafield tag="612" ind1=" " ind2=" ">
      <subfield code="a">IFLA, Anonymous classics, 1978</subfield>
    </datafield>
    <datafield tag="612" ind1=" " ind2=" ">
      <subfield code="a">DLL</subfield>
      <subfield code="a">Encycl. universalis</subfield>
      <subfield code="a">Laffont Bompiani, Oeuvres</subfield>
    </datafield>
    <datafield tag="612" ind1=" " ind2=" ">
      <subfield code="a">BN Cat. gén. 1960-1969</subfield>
    </datafield>
    <datafield tag="907" ind1=" " ind2=" ">
      <subfield code="o">GEA</subfield>
      <subfield code="a">003003489</subfield>
      <subfield code="b">AMA</subfield>
    </datafield>
    <datafield tag="907" ind1=" " ind2=" ">
      <subfield code="o">GEA</subfield>
      <subfield code="a">002984548</subfield>
      <subfield code="b">ATU</subfield>
    </datafield>
    <datafield tag="917" ind1=" " ind2=" ">
      <subfield code="o">OPL</subfield>
      <subfield code="a">007097094</subfield>
      <subfield code="b">AMA</subfield>
    </datafield>
    <datafield tag="917" ind1=" " ind2=" ">
      <subfield code="o">OPL</subfield>
      <subfield code="a">007066526</subfield>
      <subfield code="b">ATU</subfield>
    </datafield>
  </record>