
  <record>
    <leader>00536c1 as22000272  45  </leader>
    <controlfield tag="001">FRBNF170172801</controlfield>
    <controlfield tag="003">http://catalogue.bnf.fr/ark:/12148/cb170172802</controlfield>
    <controlfield tag="008">160107160111yylat           1592                             010 </controlfield>
    <datafield tag="043" ind1=" " ind2=" ">
      <subfield code="o">te</subfield>
    </datafield>
    <datafield tag="100" ind1=" " ind2=" ">
      <subfield code="3">12450422</subfield>
      <subfield code="1">ISNI0000000118272336</subfield>
      <subfield code="w">.0..b.....</subfield>
      <subfield code="a">Pires</subfield>
      <subfield code="m">Diogo</subfield>
      <subfield code="d">1517-1607?</subfield>
    </datafield>
    <datafield tag="145" ind1="1" ind2="6">
      <subfield code="w">.0..b.lat.</subfield>
      <subfield code="a">Cato minor</subfield>
    </datafield>
    <datafield tag="445" ind1="1" ind2="6">
      <subfield code="w">....b.lat.</subfield>
      <subfield code="a">Cato minor, sive Disticha moralia</subfield>
    </datafield>
    <datafield tag="445" ind1="1" ind2="6">
      <subfield code="w">....b.lat.</subfield>
      <subfield code="a">Cato minor, sive Dysticha moralia</subfield>
    </datafield>
    <datafield tag="445" ind1="1" ind2="6">
      <subfield code="w">....b.lat.</subfield>
      <subfield code="a">Disticha moralia</subfield>
    </datafield>
    <datafield tag="445" ind1="1" ind2="6">
      <subfield code="w">....b.lat.</subfield>
      <subfield code="a">Dysticha moralia</subfield>
    </datafield>
    <datafield tag="600" ind1=" " ind2=" ">
      <subfield code="a">Recueil de maximes</subfield>
    </datafield>
    <datafield tag="610" ind1=" " ind2=" ">
      <subfield code="a">O Cato Minor de Diogo Pires e a poesia didáctica do século XVI / António Manuel Lopes Andrade, 2014</subfield>
    </datafield>
    <datafield tag="624" ind1=" " ind2=" ">
      <subfield code="a">800</subfield>
    </datafield>
  </record>
  <record>
    <leader>01251c0 at22000272  45  </leader>
    <controlfield tag="001">FRBNF121965457</controlfield>
    <controlfield tag="003">http://catalogue.bnf.fr/ark:/12148/cb121965458</controlfield>
    <controlfield tag="008">910405021205nldut                                            010 </controlfield>
    <datafield tag="141" ind1=" " ind2=" ">
      <subfield code="w">.0..b.dut.</subfield>
      <subfield code="a">Mariken van Nieumeghen</subfield>
    </datafield>
    <datafield tag="441" ind1=" " ind2=" ">
      <subfield code="w">....b.dut.</subfield>
      <subfield code="a">Mariechen von Nymwegen</subfield>
    </datafield>
    <datafield tag="441" ind1=" " ind2=" ">
      <subfield code="w">....b.dut.</subfield>
      <subfield code="a">Marieken van Nieumeghen</subfield>
    </datafield>
    <datafield tag="441" ind1=" " ind2=" ">
      <subfield code="w">....b.dut.</subfield>
      <subfield code="a">Marieken van Nymegen</subfield>
    </datafield>
    <datafield tag="441" ind1=" " ind2=" ">
      <subfield code="w">....b.eng.</subfield>
      <subfield code="a">Mary of Nimmegen</subfield>
    </datafield>
    <datafield tag="441" ind1=" " ind2=" ">
      <subfield code="w">....b.dut.</subfield>
      <subfield code="a">Schone ende zeer wonderlyk ende waerachtighe geschiedenisse van Mariken van Nimmegen</subfield>
    </datafield>
    <datafield tag="441" ind1=" " ind2=" ">
      <subfield code="w">....b.dut.</subfield>
      <subfield code="a">Schone historie van Mayken van Nimmegen</subfield>
    </datafield>
    <datafield tag="441" ind1=" " ind2=" ">
      <subfield code="w">....b.dut.</subfield>
      <subfield code="a">Schoon spel van Mariken van Nieumeghen</subfield>
    </datafield>
    <datafield tag="441" ind1=" " ind2=" ">
      <subfield code="w">....b.dut.</subfield>
      <subfield code="a">Waerachtige ende een seer wonderlijcke histoire van Mariken van Nieumeghen</subfield>
    </datafield>
    <datafield tag="600" ind1=" " ind2=" ">
      <subfield code="a">Miracle en vers et prose, écrit vers 1500 par un rhétoriqueur de Nimègue</subfield>
      <subfield code="a">Mariken conclut un pacte avec le diable et mène une vie de débauche jusqu'au jour où elle assiste à une représentation d'un jeu marial. Le pape lui pardonne, puis elle devient religieuse dans un monastère à Maastricht</subfield>
      <subfield code="a">Edité à Anvers vers 1518</subfield>
    </datafield>
    <datafield tag="610" ind1=" " ind2=" ">
      <subfield code="a">IFLA Anonymous classics, 1978 : forme retenue</subfield>
    </datafield>
    <datafield tag="610" ind1=" " ind2=" ">
      <subfield code="a">Winckler Prins encycl.</subfield>
      <subfield code="a">Bréviaire des Pays-Bas / textes présentés par Liliane Wouters, 1973</subfield>
      <subfield code="a">Van Tieghem</subfield>
    </datafield>
    <datafield tag="610" ind1=" " ind2=" ">
      <subfield code="a">BN Cat. gén. 1960-1969 : forme retenue</subfield>
    </datafield>
    <datafield tag="612" ind1=" " ind2=" ">
      <subfield code="a">DLL</subfield>
      <subfield code="a">Laffont Bompiani, Oeuvres</subfield>
    </datafield>
    <datafield tag="907" ind1=" " ind2=" ">
      <subfield code="o">GEA</subfield>
      <subfield code="a">002945709</subfield>
    </datafield>
    <datafield tag="917" ind1=" " ind2=" ">
      <subfield code="o">OPL</subfield>
      <subfield code="a">006904528</subfield>
    </datafield>
  </record>
  <record>
    <leader>01006c0 at2200027   45  </leader>
    <controlfield tag="001">FRBNF121999192</controlfield>
    <controlfield tag="003">http://catalogue.bnf.fr/ark:/12148/cb12199919j</controlfield>
    <controlfield tag="008">910424091002frfre           13..                             1   </controlfield>
    <datafield tag="141" ind1=" " ind2=" ">
      <subfield code="w">.0..b.fre.</subfield>
      <subfield code="a">Mystère de la Nativité</subfield>
      <subfield code="e">XIVe s.</subfield>
    </datafield>
    <datafield tag="320" ind1=" " ind2=" ">
      <subfield code="3">11966355</subfield>
      <subfield code="9">161</subfield>
      <subfield code="w">.0..b.....</subfield>
      <subfield code="a">Bibliothèque Sainte-Geneviève</subfield>
      <subfield code="c">Paris</subfield>
      <subfield code="x">Manuscrit. Ms. 1131</subfield>
    </datafield>
    <datafield tag="441" ind1=" " ind2=" ">
      <subfield code="w">....b.fre.</subfield>
      <subfield code="a">Mystère de la Nativité de Nostre Seigneur Jésus-Christ</subfield>
    </datafield>
    <datafield tag="441" ind1=" " ind2=" ">
      <subfield code="w">....b.fre.</subfield>
      <subfield code="a">La Nativité Nostre Seigneur</subfield>
      <subfield code="e">XIVe s.</subfield>
    </datafield>
    <datafield tag="441" ind1=" " ind2=" ">
      <subfield code="w">....b.frm.</subfield>
      <subfield code="a">La Nativité de Jhésucrist</subfield>
    </datafield>
    <datafield tag="600" ind1=" " ind2=" ">
      <subfield code="a">Mystère en 1996 vers, à 27 personnages, deuxième quart du XIVe s.</subfield>
      <subfield code="a">Ms : Bibl. Sainte-Geneviève, Paris (1131, anciennement y.f. 10 fol.)</subfield>
    </datafield>
    <datafield tag="610" ind1=" " ind2=" ">
      <subfield code="a">Jeu des trois rois de Neuchâtel / éd. par André de Mandach, 1982,  p. 37</subfield>
    </datafield>
    <datafield tag="610" ind1=" " ind2=" ">
      <subfield code="a">Grente Moyen âge, 1992 (sous : Mystères du manuscrit 1131 de la Bibliothèque Sainte-Geneviève) : La Nativité Nostre Seigneur</subfield>
      <subfield code="a">Mystères inédits du quinzième siècle / publiés par Achille Jubinal. T. 2, 1977, p. 1 : La Nativité de Jhésucrist</subfield>
    </datafield>
    <datafield tag="612" ind1=" " ind2=" ">
      <subfield code="a">IFLA, Anonymous classics (en ligne), 2004</subfield>
      <subfield code="a">Bossuat</subfield>
    </datafield>
    <datafield tag="907" ind1=" " ind2=" ">
      <subfield code="o">GEA</subfield>
      <subfield code="a">002973815</subfield>
    </datafield>
    <datafield tag="917" ind1=" " ind2=" ">
      <subfield code="o">OPL</subfield>
      <subfield code="a">007040264</subfield>
    </datafield>
  </record>
  <record>
    <leader>00639c0 at2200027   45  </leader>
    <controlfield tag="001">FRBNF120738129</controlfield>
    <controlfield tag="003">http://catalogue.bnf.fr/ark:/12148/cb12073812t</controlfield>
    <controlfield tag="008">880429120316frfro           12..                             1   </controlfield>
    <datafield tag="141" ind1=" " ind2=" ">
      <subfield code="w">.0..b.fre.</subfield>
      <subfield code="a">Flore et Jeanne</subfield>
    </datafield>
    <datafield tag="441" ind1=" " ind2=" ">
      <subfield code="w">....b.fre.</subfield>
      <subfield code="a">Le conte du roi Flore et de la reine Jeanne</subfield>
    </datafield>
    <datafield tag="441" ind1=" " ind2=" ">
      <subfield code="w">....b.fro.</subfield>
      <subfield code="a">Li contes dou roi Flore et de la bielle Jehane</subfield>
    </datafield>
    <datafield tag="441" ind1=" " ind2=" ">
      <subfield code="w">....b.fre.</subfield>
      <subfield code="a">Le roi Flore et la belle Jeanne</subfield>
    </datafield>
    <datafield tag="441" ind1=" " ind2=" ">
      <subfield code="w">....b.fre.</subfield>
      <subfield code="a">Le roman du roi Flore et de la belle Jeanne</subfield>
    </datafield>
    <datafield tag="600" ind1=" " ind2=" ">
      <subfield code="a">Nouvelle, en prose, du XIIIe s.</subfield>
      <subfield code="a">Ms : BnF, Paris, Département des Manuscrits, Français 24430</subfield>
    </datafield>
    <datafield tag="610" ind1=" " ind2=" ">
      <subfield code="a">IFLA, Anonymous classics (en ligne), 2004</subfield>
    </datafield>
    <datafield tag="610" ind1=" " ind2=" ">
      <subfield code="a">Arlima</subfield>
      <subfield code="u">http://www.arlima.net</subfield>
      <subfield code="d">2012-01-13</subfield>
    </datafield>
    <datafield tag="907" ind1=" " ind2=" ">
      <subfield code="o">GEA</subfield>
      <subfield code="a">001916971</subfield>
    </datafield>
    <datafield tag="917" ind1=" " ind2=" ">
      <subfield code="o">OPL</subfield>
      <subfield code="a">004010878</subfield>
    </datafield>
  </record>