
  <record>
    <leader>01781c0 as22000272  45  </leader>
    <controlfield tag="001">FRBNF123209049</controlfield>
    <controlfield tag="003">http://catalogue.bnf.fr/ark:/12148/cb123209047</controlfield>
    <controlfield tag="008">930713150706yygrc          -03..                             010 </controlfield>
    <datafield tag="043" ind1=" " ind2=" ">
      <subfield code="o">te</subfield>
    </datafield>
    <datafield tag="100" ind1=" " ind2=" ">
      <subfield code="3">11920019</subfield>
      <subfield code="1">ISNI0000000120967858</subfield>
      <subfield code="w">.1..b.fre.</subfield>
      <subfield code="a">Platon</subfield>
      <subfield code="d">0427?-0348? av. J.-C.</subfield>
    </datafield>
    <datafield tag="145" ind1="1" ind2="6">
      <subfield code="w">.1..b.fre.</subfield>
      <subfield code="a">Ménexène</subfield>
    </datafield>
    <datafield tag="145" ind1="1" ind2="6">
      <subfield code="w">.0..b.lat.</subfield>
      <subfield code="a">Menexenus</subfield>
    </datafield>
    <datafield tag="145" ind1="1" ind2="6">
      <subfield code="w">.0..bagrp.</subfield>
      <subfield code="a">Menéxenos</subfield>
    </datafield>
    <datafield tag="145" ind1="1" ind2="6">
      <subfield code="w">.0..g.grp.</subfield>
      <subfield code="a">Μενέξενος</subfield>
    </datafield>
    <datafield tag="445" ind1="1" ind2="6">
      <subfield code="w">....b.fre.</subfield>
      <subfield code="a">Ménéxène ou L'oraison</subfield>
    </datafield>
    <datafield tag="445" ind1="1" ind2="6">
      <subfield code="w">....b.fre.</subfield>
      <subfield code="a">Ménexène ou L'oraison funèbre</subfield>
    </datafield>
    <datafield tag="445" ind1="1" ind2="6">
      <subfield code="w">....b.fre.</subfield>
      <subfield code="a">Ménexène, ou Oraison funèbre</subfield>
    </datafield>
    <datafield tag="445" ind1="1" ind2="6">
      <subfield code="w">....b.fre.</subfield>
      <subfield code="a">Oraison funèbre</subfield>
    </datafield>
    <datafield tag="445" ind1="1" ind2="6">
      <subfield code="w">....bagrp.</subfield>
      <subfield code="a">Menéxenos 'ī̀ 'Epitáfios</subfield>
    </datafield>
    <datafield tag="445" ind1="1" ind2="6">
      <subfield code="w">....g.grp.</subfield>
      <subfield code="a">Μενέξενος ἢ Ἐπιτάφιος</subfield>
    </datafield>
    <datafield tag="445" ind1="1" ind2="6">
      <subfield code="w">....bagrp.</subfield>
      <subfield code="a">Menéxenos, 'ī̀ 'Epitáfios lógos</subfield>
    </datafield>
    <datafield tag="445" ind1="1" ind2="6">
      <subfield code="w">....g.grp.</subfield>
      <subfield code="a">Μενέξενος, ἢ Ἐπιτάφιος λόγος</subfield>
    </datafield>
    <datafield tag="445" ind1="1" ind2="6">
      <subfield code="w">....bugrp.</subfield>
      <subfield code="a">Menéxenos, 'ḕ 'Epitáphios lógos</subfield>
    </datafield>
    <datafield tag="445" ind1="1" ind2="6">
      <subfield code="w">....b.ita.</subfield>
      <subfield code="a">Menesseno</subfield>
    </datafield>
    <datafield tag="600" ind1=" " ind2=" ">
      <subfield code="a">Oraison funèbre, insérée dans un court dialogue, dirigée contre l'enflure rhétorique</subfield>
    </datafield>
    <datafield tag="610" ind1=" " ind2=" ">
      <subfield code="a">Coll. Budé : Ménexène</subfield>
      <subfield code="a">DOC / V. Volpi, 1994 (sous : Plato) : Menexenus ; Menéxenos, translittération selon la norme ISO 843 (1997)</subfield>
    </datafield>
    <datafield tag="610" ind1=" " ind2=" ">
      <subfield code="a">Encycl. Grèce</subfield>
    </datafield>
    <datafield tag="610" ind1=" " ind2=" ">
      <subfield code="a">Encycl. philosophique universelle, III. Les oeuvres philosophiques (art. Platon) : Ménexène ou L'oraison (Menéxenos ḕ Epitáphios)</subfield>
      <subfield code="a">Laffont Bompiani, Oeuvres : Ménéxène ou L'oraison funèbre</subfield>
      <subfield code="a">Encycl. universalis, 1985</subfield>
    </datafield>
    <datafield tag="610" ind1=" " ind2=" ">
      <subfield code="a">BN Cat. gén. (sous : Platon) : Menéxenos (en caractères grecs)</subfield>
      <subfield code="a">BN Service grec</subfield>
    </datafield>
    <datafield tag="612" ind1=" " ind2=" ">
      <subfield code="a">DLL</subfield>
      <subfield code="a">Teubner</subfield>
    </datafield>
    <datafield tag="612" ind1=" " ind2=" ">
      <subfield code="a">BN Cat. gén. 1960-1969 (sous : Plato) : pas d'éd. isolée</subfield>
    </datafield>
    <datafield tag="624" ind1=" " ind2=" ">
      <subfield code="a">100</subfield>
    </datafield>
    <datafield tag="907" ind1=" " ind2=" ">
      <subfield code="o">GEA</subfield>
      <subfield code="a">000582102</subfield>
      <subfield code="b">AMA</subfield>
    </datafield>
    <datafield tag="907" ind1=" " ind2=" ">
      <subfield code="o">GEA</subfield>
      <subfield code="a">007046623</subfield>
      <subfield code="b">TIC</subfield>
    </datafield>
    <datafield tag="917" ind1=" " ind2=" ">
      <subfield code="o">OPL</subfield>
      <subfield code="a">001586281</subfield>
      <subfield code="b">AMA</subfield>
    </datafield>
    <datafield tag="917" ind1=" " ind2=" ">
      <subfield code="o">OPL</subfield>
      <subfield code="a">009075495</subfield>
      <subfield code="b">TIC</subfield>
    </datafield>
  </record>