
  <record>
    <leader>00326n1 as22000272  45  </leader>
    <controlfield tag="001">FRBNF150115764</controlfield>
    <controlfield tag="003">http://catalogue.bnf.fr/ark:/12148/cb15011576x</controlfield>
    <controlfield tag="008">051012      yyeng           1583                             210 </controlfield>
    <datafield tag="043" ind1=" " ind2=" ">
      <subfield code="o">te</subfield>
    </datafield>
    <datafield tag="100" ind1=" " ind2=" ">
      <subfield code="3">15011559</subfield>
      <subfield code="1">ISNI0000000081571921</subfield>
      <subfield code="w">.0..b.....</subfield>
      <subfield code="a">Stubbes</subfield>
      <subfield code="m">Phillip</subfield>
      <subfield code="d">1555-1610</subfield>
    </datafield>
    <datafield tag="145" ind1="1" ind2="6">
      <subfield code="w">.0..b.eng.</subfield>
      <subfield code="a">The anatomie of abuses</subfield>
    </datafield>
    <datafield tag="600" ind1=" " ind2=" ">
      <subfield code="a">Pamphlet</subfield>
    </datafield>
    <datafield tag="610" ind1=" " ind2=" ">
      <subfield code="a">Oxford English lit., 1991 (sous : Stubbes, Philip) : forme retenue</subfield>
    </datafield>
    <datafield tag="624" ind1=" " ind2=" ">
      <subfield code="a">800</subfield>
    </datafield>
  </record>