
  <record>
    <leader>01296c1 as22000272  45  </leader>
    <controlfield tag="001">FRBNF146169489</controlfield>
    <controlfield tag="003">http://catalogue.bnf.fr/ark:/12148/cb14616948w</controlfield>
    <controlfield tag="008">050331050407yylat           0513    ?                        010 </controlfield>
    <datafield tag="043" ind1=" " ind2=" ">
      <subfield code="o">te</subfield>
    </datafield>
    <datafield tag="100" ind1=" " ind2=" ">
      <subfield code="3">12046697</subfield>
      <subfield code="1">ISNI0000000399133112</subfield>
      <subfield code="w"> 1  b.fre.</subfield>
      <subfield code="a">Priscien</subfield>
    </datafield>
    <datafield tag="145" ind1="1" ind2="6">
      <subfield code="w">.0..b.lat.</subfield>
      <subfield code="a">Carmen in laudem Anastasii imperatoris</subfield>
    </datafield>
    <datafield tag="445" ind1="1" ind2="6">
      <subfield code="w">....b.lat.</subfield>
      <subfield code="a">De laude Anastasii imperatoris</subfield>
    </datafield>
    <datafield tag="445" ind1="1" ind2="6">
      <subfield code="w">....b.lat.</subfield>
      <subfield code="a">(De) laude Anastasii imperatoris</subfield>
    </datafield>
    <datafield tag="445" ind1="1" ind2="6">
      <subfield code="w">....b.lat.</subfield>
      <subfield code="a">Panegyricum</subfield>
    </datafield>
    <datafield tag="600" ind1=" " ind2=" ">
      <subfield code="a">Panégyrique de l'empereur Anastase</subfield>
    </datafield>
    <datafield tag="610" ind1=" " ind2=" ">
      <subfield code="a">DOC / V. Volpi, 1994 (sous : Priscianus Caesariensis) : forme retenue</subfield>
    </datafield>
    <datafield tag="610" ind1=" " ind2=" ">
      <subfield code="a">Biographisch-Bibliographisches Kirchenlexikon (sous : Priskian, Priscian, Priscianus Caesariensis) : De laude Anastasii imperatoris</subfield>
      <subfield code="u">http://www.bautz.de/bbkl</subfield>
      <subfield code="d">2005-04-07</subfield>
    </datafield>
    <datafield tag="612" ind1=" " ind2=" ">
      <subfield code="a">Dictionnaire des auteurs grecs et latins de l'Antiquité et du Moyen âge, 1991 / Wolfgang Buchwald, Armin Hohlweg, Otto Prinz, 1991 (sous : Priscien)</subfield>
      <subfield code="a">Catholic encycl. (sous : Priscianus)</subfield>
      <subfield code="u">http://www.newadvent.org/cathen</subfield>
      <subfield code="d">2005-04-07</subfield>
      <subfield code="a">Larousse 19e s. (sous : Priscien)</subfield>
      <subfield code="a">Encycl. universalis</subfield>
      <subfield code="u">http://www.universalis-edu.com/</subfield>
      <subfield code="d">2005-03-31</subfield>
      <subfield code="a">GDEL (sous : Priscien)</subfield>
      <subfield code="a">Laffont Bompiani, Auteurs, 1990</subfield>
    </datafield>
    <datafield tag="612" ind1=" " ind2=" ">
      <subfield code="a">BN Cat. gén. (sous : Priscien de Césarée) : pas d'éd. isolée</subfield>
      <subfield code="a">BN Cat. gén. 1960-1969</subfield>
    </datafield>
    <datafield tag="624" ind1=" " ind2=" ">
      <subfield code="a">800</subfield>
    </datafield>
  </record>