
  <record>
    <leader>00346c1 as22000272  45  </leader>
    <controlfield tag="001">FRBNF15593148X</controlfield>
    <controlfield tag="003">http://catalogue.bnf.fr/ark:/12148/cb15593148k</controlfield>
    <controlfield tag="008">080107080108yyfre           1971                             010 </controlfield>
    <datafield tag="043" ind1=" " ind2=" ">
      <subfield code="o">te</subfield>
    </datafield>
    <datafield tag="100" ind1=" " ind2=" ">
      <subfield code="3">11927039</subfield>
      <subfield code="1">ISNI0000000121192767</subfield>
      <subfield code="w">.0..b.....</subfield>
      <subfield code="a">Tremblay</subfield>
      <subfield code="m">Michel</subfield>
      <subfield code="d">1942-....</subfield>
    </datafield>
    <datafield tag="145" ind1="1" ind2="6">
      <subfield code="w">.0..b.fre.</subfield>
      <subfield code="a">À toi, pour toujours, ta Marie-Lou</subfield>
    </datafield>
    <datafield tag="600" ind1=" " ind2=" ">
      <subfield code="a">Pièce de théâtre en un acte</subfield>
    </datafield>
    <datafield tag="610" ind1=" " ind2=" ">
      <subfield code="a">Grente, 20e s. (sous : Tremblay, Michel) : forme retenue</subfield>
    </datafield>
    <datafield tag="624" ind1=" " ind2=" ">
      <subfield code="a">800</subfield>
    </datafield>
  </record>