
  <record>
    <leader>00466c0 as22000272  45  </leader>
    <controlfield tag="001">FRBNF144893892</controlfield>
    <controlfield tag="003">http://catalogue.bnf.fr/ark:/12148/cb14489389n</controlfield>
    <controlfield tag="008">030811080410yyita           1669              ?              210 </controlfield>
    <datafield tag="043" ind1=" " ind2=" ">
      <subfield code="o">te</subfield>
    </datafield>
    <datafield tag="100" ind1=" " ind2=" ">
      <subfield code="3">14489385</subfield>
      <subfield code="1">ISNI0000000367765369</subfield>
      <subfield code="w">.0..b.....</subfield>
      <subfield code="a">Pisani</subfield>
      <subfield code="m">Baldassarre</subfield>
      <subfield code="d">1650-17..?</subfield>
    </datafield>
    <datafield tag="145" ind1="1" ind2="6">
      <subfield code="w">.0..b.ita.</subfield>
      <subfield code="a">I sonetti</subfield>
    </datafield>
    <datafield tag="445" ind1="1" ind2="6">
      <subfield code="w">....b.eng.</subfield>
      <subfield code="a">Sonnets</subfield>
    </datafield>
    <datafield tag="600" ind1=" " ind2=" ">
      <subfield code="a">Poésie</subfield>
    </datafield>
    <datafield tag="610" ind1=" " ind2=" ">
      <subfield code="a">I sonetti / Baldassarre Pisani ; a cura di Luigi Montella, 1999</subfield>
    </datafield>
    <datafield tag="610" ind1=" " ind2=" ">
      <subfield code="a">LCNA (sous : Pisani, Baldassare. 17th cent.) : Sonnets</subfield>
      <subfield code="u">http://authorities.loc.gov</subfield>
      <subfield code="d">2003-08-11</subfield>
    </datafield>
    <datafield tag="612" ind1=" " ind2=" ">
      <subfield code="a">Encicl. italiana</subfield>
    </datafield>
    <datafield tag="624" ind1=" " ind2=" ">
      <subfield code="a">800</subfield>
    </datafield>
  </record>