
  <record>
    <leader>00575c1 as22000272  45  </leader>
    <controlfield tag="001">FRBNF150155919</controlfield>
    <controlfield tag="003">http://catalogue.bnf.fr/ark:/12148/cb15015591s</controlfield>
    <controlfield tag="008">051026051122yyara           14??                             010 </controlfield>
    <datafield tag="043" ind1=" " ind2=" ">
      <subfield code="o">te</subfield>
    </datafield>
    <datafield tag="100" ind1=" " ind2=" ">
      <subfield code="3">12613994</subfield>
      <subfield code="1">ISNI0000000081633109</subfield>
      <subfield code="w">.0..baara.</subfield>
      <subfield code="a">Abšīhī</subfield>
      <subfield code="m">Muḥammad ibn Aḥmad ibn Manṣūr Bahāʼ al-Din Abū al-Fatḥ al-</subfield>
      <subfield code="d">1388?-1446?</subfield>
    </datafield>
    <datafield tag="145" ind1="1" ind2="6">
      <subfield code="w">.0..baara.</subfield>
      <subfield code="a">Al-mustaṭraf fī kull fann mustaẓraf</subfield>
    </datafield>
    <datafield tag="145" ind1="1" ind2="6">
      <subfield code="w">.0..f.ara.</subfield>
      <subfield code="a">المسطرف في كلّ فنّ مستظرف</subfield>
    </datafield>
    <datafield tag="445" ind1="1" ind2="6">
      <subfield code="w">....b.fre.</subfield>
      <subfield code="a">Les poètes amoureux</subfield>
    </datafield>
    <datafield tag="600" ind1=" " ind2=" ">
      <subfield code="a">Proverbes</subfield>
    </datafield>
    <datafield tag="610" ind1=" " ind2=" ">
      <subfield code="a">BnF Service arabe</subfield>
    </datafield>
    <datafield tag="624" ind1=" " ind2=" ">
      <subfield code="a">800</subfield>
    </datafield>
  </record>