
  <record>
    <leader>00442c0 as2200027   45  </leader>
    <controlfield tag="001">FRBNF125020563</controlfield>
    <controlfield tag="003">http://catalogue.bnf.fr/ark:/12148/cb12502056d</controlfield>
    <controlfield tag="008">960220070724yyfre           1635                             010 </controlfield>
    <datafield tag="043" ind1=" " ind2=" ">
      <subfield code="o">te</subfield>
    </datafield>
    <datafield tag="100" ind1=" " ind2=" ">
      <subfield code="3">13322290</subfield>
      <subfield code="1">ISNI0000000080967860</subfield>
      <subfield code="w">.0..b.....</subfield>
      <subfield code="a">Le Jeune</subfield>
      <subfield code="m">Paul</subfield>
      <subfield code="d">1592-1664</subfield>
    </datafield>
    <datafield tag="145" ind1="1" ind2="6">
      <subfield code="w">.0..b.fre.</subfield>
      <subfield code="a">Relation de ce qui s'est passé en la Nouvelle France en l'année 1634</subfield>
    </datafield>
    <datafield tag="600" ind1=" " ind2=" ">
      <subfield code="a">Récit de voyage</subfield>
    </datafield>
    <datafield tag="610" ind1=" " ind2=" ">
      <subfield code="a">Bibliothèque de la compagnie de Jésus / Carlos Sommervogel, 1960 (sous : Jeune, Paul le)</subfield>
    </datafield>
    <datafield tag="624" ind1=" " ind2=" ">
      <subfield code="a">800</subfield>
    </datafield>
    <datafield tag="907" ind1=" " ind2=" ">
      <subfield code="o">GEA</subfield>
      <subfield code="a">007380199</subfield>
    </datafield>
    <datafield tag="917" ind1=" " ind2=" ">
      <subfield code="o">OPL</subfield>
      <subfield code="a">012182201</subfield>
    </datafield>
  </record>