
  <record>
    <leader>00367c1 as2200027   45  </leader>
    <controlfield tag="001">FRBNF165494081</controlfield>
    <controlfield tag="003">http://catalogue.bnf.fr/ark:/12148/cb16549408q</controlfield>
    <controlfield tag="008">111110111118yyfre           1982                             010 </controlfield>
    <datafield tag="043" ind1=" " ind2=" ">
      <subfield code="o">te</subfield>
    </datafield>
    <datafield tag="100" ind1=" " ind2=" ">
      <subfield code="3">11921482</subfield>
      <subfield code="1">ISNI0000000109323779</subfield>
      <subfield code="w"> 0 2b.....</subfield>
      <subfield code="a">Rémy</subfield>
      <subfield code="m">Pierre-Jean</subfield>
      <subfield code="d">1937-2010</subfield>
    </datafield>
    <datafield tag="145" ind1="1" ind2="6">
      <subfield code="w">.0..b.fre.</subfield>
      <subfield code="a">Don Juan</subfield>
    </datafield>
    <datafield tag="600" ind1=" " ind2=" ">
      <subfield code="a">Roman d'aventures</subfield>
    </datafield>
    <datafield tag="610" ind1=" " ind2=" ">
      <subfield code="a">Dictionnaire universel des littératures / publ. sous la dir. de Béatrice Didier, 1994 (sous : Rémy, Pierre-Jean)</subfield>
    </datafield>
    <datafield tag="624" ind1=" " ind2=" ">
      <subfield code="a">800</subfield>
    </datafield>
  </record>
  <record>
    <leader>00585n0 at22000272  45  </leader>
    <controlfield tag="001">FRBNF12109885X</controlfield>
    <controlfield tag="003">http://catalogue.bnf.fr/ark:/12148/cb121098856</controlfield>
    <controlfield tag="008">890414      esspa          ....................              1   </controlfield>
    <datafield tag="141" ind1=" " ind2=" ">
      <subfield code="w">.0..b.spa.</subfield>
      <subfield code="a">Tablante de Ricamonte</subfield>
    </datafield>
    <datafield tag="441" ind1=" " ind2=" ">
      <subfield code="w">....b.spa.</subfield>
      <subfield code="a">Cronica de los nobles cavalleros Tablante de Ricamonte e Jofre</subfield>
    </datafield>
    <datafield tag="441" ind1=" " ind2=" ">
      <subfield code="w">....b.spa.</subfield>
      <subfield code="a">Historia de los nobles cavalleros Tablante de Ricamonte y Jofre</subfield>
    </datafield>
    <datafield tag="600" ind1=" " ind2=" ">
      <subfield code="a">Roman de chevalerie inspiré du poème provençal "Jaufré"</subfield>
    </datafield>
    <datafield tag="610" ind1=" " ind2=" ">
      <subfield code="a">IFLA, Anonymous classics, 1978</subfield>
    </datafield>
    <datafield tag="610" ind1=" " ind2=" ">
      <subfield code="a">Palau y Dulcet ; Simón Díaz, 2da ed., t. III, vol. II</subfield>
    </datafield>
    <datafield tag="612" ind1=" " ind2=" ">
      <subfield code="a">Bleiberg ; Oxford Spanish lit. ; DLL ; Van Tieghem</subfield>
    </datafield>
    <datafield tag="907" ind1=" " ind2=" ">
      <subfield code="o">GEA</subfield>
      <subfield code="a">002277156</subfield>
    </datafield>
    <datafield tag="917" ind1=" " ind2=" ">
      <subfield code="o">OPL</subfield>
      <subfield code="a">004516726</subfield>
    </datafield>
  </record>