
  <record>
    <leader>00473c1 as22000272  45  </leader>
    <controlfield tag="001">FRBNF177051955</controlfield>
    <controlfield tag="003">http://catalogue.bnf.fr/ark:/12148/cb17705195b</controlfield>
    <controlfield tag="008">180105180108yyger           1437                             210 </controlfield>
    <datafield tag="043" ind1=" " ind2=" ">
      <subfield code="a">te</subfield>
    </datafield>
    <datafield tag="100" ind1=" " ind2=" ">
      <subfield code="3">12545265</subfield>
      <subfield code="1">ISNI000000008077978X</subfield>
      <subfield code="w"> 0 1b.....</subfield>
      <subfield code="a">Nassau-Saarbrücken</subfield>
      <subfield code="m">Elisabeth von Lothringen</subfield>
      <subfield code="d">1397-1456</subfield>
      <subfield code="e">comtesse de</subfield>
    </datafield>
    <datafield tag="145" ind1="1" ind2="6">
      <subfield code="w">.0..b.ger.</subfield>
      <subfield code="a">Loher und Maller</subfield>
    </datafield>
    <datafield tag="320" ind1="5" ind2=" ">
      <subfield code="3">16589243</subfield>
      <subfield code="9">141</subfield>
      <subfield code="w">.0..b.fre.</subfield>
      <subfield code="a">Lohier et Maller</subfield>
    </datafield>
    <datafield tag="600" ind1=" " ind2=" ">
      <subfield code="a">Roman courtois</subfield>
    </datafield>
    <datafield tag="609" ind1=" " ind2=" ">
      <subfield code="r">red0</subfield>
      <subfield code="d">1437</subfield>
    </datafield>
    <datafield tag="610" ind1=" " ind2=" ">
      <subfield code="a">Lit. Lex. / W. Killy (sous : Elisabeth, Gräfin von Lothringen und Nassau-Saarbrücken) : Loher und Maller</subfield>
    </datafield>
    <datafield tag="624" ind1=" " ind2=" ">
      <subfield code="a">800</subfield>
    </datafield>
  </record>