
  <record>
    <leader>00301c1 as2200027   45  </leader>
    <controlfield tag="001">FRBNF159724318</controlfield>
    <controlfield tag="003">http://catalogue.bnf.fr/ark:/12148/cb15972431q</controlfield>
    <controlfield tag="008">090313090313frfre           1839                             010 </controlfield>
    <datafield tag="043" ind1=" " ind2=" ">
      <subfield code="o">te</subfield>
    </datafield>
    <datafield tag="100" ind1=" " ind2=" ">
      <subfield code="3">12609687</subfield>
      <subfield code="1">ISNI0000000108799855</subfield>
      <subfield code="w">.0..b.....</subfield>
      <subfield code="a">Gonzalès</subfield>
      <subfield code="m">Emmanuel</subfield>
      <subfield code="d">1815-1887</subfield>
    </datafield>
    <datafield tag="145" ind1="1" ind2="6">
      <subfield code="w">.0..b.fre.</subfield>
      <subfield code="a">Le diamant de la reine</subfield>
    </datafield>
    <datafield tag="600" ind1=" " ind2=" ">
      <subfield code="a">Roman</subfield>
    </datafield>
    <datafield tag="610" ind1=" " ind2=" ">
      <subfield code="a">Paru en feuilleton dans "Le monde dramatique" en 1839</subfield>
    </datafield>
  </record>