
  <record>
    <leader>00448c1 as22000272  45  </leader>
    <controlfield tag="001">FRBNF145802098</controlfield>
    <controlfield tag="003">http://catalogue.bnf.fr/ark:/12148/cb14580209w</controlfield>
    <controlfield tag="008">041109080405yyeng           2003                             010 </controlfield>
    <datafield tag="043" ind1=" " ind2=" ">
      <subfield code="o">te</subfield>
    </datafield>
    <datafield tag="100" ind1=" " ind2=" ">
      <subfield code="3">14529449</subfield>
      <subfield code="1">ISNI0000000109297080</subfield>
      <subfield code="w">.0..b.....</subfield>
      <subfield code="a">Brown</subfield>
      <subfield code="m">Dan</subfield>
      <subfield code="d">1964-....</subfield>
    </datafield>
    <datafield tag="145" ind1="1" ind2="6">
      <subfield code="w">.0..b.eng.</subfield>
      <subfield code="a">The Da Vinci code</subfield>
    </datafield>
    <datafield tag="301" ind1="6" ind2=" ">
      <subfield code="3">15076975</subfield>
      <subfield code="t">The Da Vinci code (film)</subfield>
    </datafield>
    <datafield tag="445" ind1="1" ind2="6">
      <subfield code="w">....b.fre.</subfield>
      <subfield code="a">Le Da Vinci code</subfield>
    </datafield>
    <datafield tag="445" ind1="1" ind2="6">
      <subfield code="w">....b.fre.</subfield>
      <subfield code="a">Code Da Vinci</subfield>
    </datafield>
    <datafield tag="445" ind1="1" ind2="6">
      <subfield code="w">....b.ita.</subfield>
      <subfield code="a">Codice Da Vinci</subfield>
    </datafield>
    <datafield tag="600" ind1=" " ind2=" ">
      <subfield code="a">Roman policier</subfield>
    </datafield>
    <datafield tag="610" ind1=" " ind2=" ">
      <subfield code="a">Le "Code Da Vinci" décrypté / Simon Cox, 2004</subfield>
    </datafield>
    <datafield tag="624" ind1=" " ind2=" ">
      <subfield code="a">800</subfield>
    </datafield>
  </record>