
  <record>
    <leader>01033c1 as22000272  45  </leader>
    <controlfield tag="001">FRBNF121676641</controlfield>
    <controlfield tag="003">http://catalogue.bnf.fr/ark:/12148/cb12167664f</controlfield>
    <controlfield tag="008">901030161011yyita           1365    ?                        010 </controlfield>
    <datafield tag="043" ind1=" " ind2=" ">
      <subfield code="o">te</subfield>
    </datafield>
    <datafield tag="100" ind1=" " ind2=" ">
      <subfield code="3">11892479</subfield>
      <subfield code="1">ISNI0000000121018590</subfield>
      <subfield code="w"> 1  b.fre.</subfield>
      <subfield code="a">Boccace</subfield>
      <subfield code="d">1313-1375</subfield>
    </datafield>
    <datafield tag="145" ind1="1" ind2="6">
      <subfield code="w">.0..b.ita.</subfield>
      <subfield code="a">Il Corbaccio</subfield>
    </datafield>
    <datafield tag="445" ind1="1" ind2="6">
      <subfield code="w">....b.ita.</subfield>
      <subfield code="a">Invectiva contra una malvaggia donna, decto Laberinto d'amore, e altrimenti il Corbaccio</subfield>
    </datafield>
    <datafield tag="445" ind1="1" ind2="6">
      <subfield code="w">....b.ita.</subfield>
      <subfield code="a">Laberinto amoroso detto Corbaccio</subfield>
    </datafield>
    <datafield tag="445" ind1="1" ind2="6">
      <subfield code="w">....b.ita.</subfield>
      <subfield code="a">Laberinto d'amore</subfield>
    </datafield>
    <datafield tag="445" ind1="1" ind2="6">
      <subfield code="w">....b.ita.</subfield>
      <subfield code="a">Libro chiamato Corbaccio</subfield>
    </datafield>
    <datafield tag="445" ind1="1" ind2="6">
      <subfield code="w">....b.ger.</subfield>
      <subfield code="a">Das Labyrinth der Liebe</subfield>
    </datafield>
    <datafield tag="445" ind1="1" ind2="6">
      <subfield code="w">....b.ger.</subfield>
      <subfield code="a">Das Liebeslabyrinth</subfield>
    </datafield>
    <datafield tag="445" ind1="1" ind2="6">
      <subfield code="w">....b.ger.</subfield>
      <subfield code="a">Der Pechvogel</subfield>
    </datafield>
    <datafield tag="445" ind1="1" ind2="6">
      <subfield code="w">....b.cat.</subfield>
      <subfield code="a">El corbatxo</subfield>
    </datafield>
    <datafield tag="445" ind1="1" ind2="6">
      <subfield code="w">....b.fre.</subfield>
      <subfield code="a">Corbeau de malheur</subfield>
    </datafield>
    <datafield tag="445" ind1="1" ind2="6">
      <subfield code="w">....b.fre.</subfield>
      <subfield code="a">Le laberinthe d'amour</subfield>
    </datafield>
    <datafield tag="445" ind1="1" ind2="6">
      <subfield code="w">....b.fre.</subfield>
      <subfield code="a">Le labyrinthe d'amour</subfield>
    </datafield>
    <datafield tag="445" ind1="1" ind2="6">
      <subfield code="w">....b.fre.</subfield>
      <subfield code="a">Songe de Bocace</subfield>
    </datafield>
    <datafield tag="445" ind1="1" ind2="6">
      <subfield code="w">....b.fre.</subfield>
      <subfield code="a">Vilain corbeau</subfield>
    </datafield>
    <datafield tag="600" ind1=" " ind2=" ">
      <subfield code="a">Satire</subfield>
    </datafield>
    <datafield tag="610" ind1=" " ind2=" ">
      <subfield code="a">Lett. ital., 1990-1991 (sous : Boccaccio, Giovanni) : Corbaccio</subfield>
    </datafield>
    <datafield tag="610" ind1=" " ind2=" ">
      <subfield code="a">Dictionnaire universel des littératures / dir. B. Didier, 1994 (sous : Boccace) : Vilain corbeau</subfield>
    </datafield>
    <datafield tag="624" ind1=" " ind2=" ">
      <subfield code="a">800</subfield>
    </datafield>
    <datafield tag="907" ind1=" " ind2=" ">
      <subfield code="o">GEA</subfield>
      <subfield code="a">002779988</subfield>
    </datafield>
    <datafield tag="917" ind1=" " ind2=" ">
      <subfield code="o">OPL</subfield>
      <subfield code="a">005468145</subfield>
    </datafield>
  </record>