
  <record>
    <leader>00479c1 as22000272  45  </leader>
    <controlfield tag="001">FRBNF165311313</controlfield>
    <controlfield tag="003">http://catalogue.bnf.fr/ark:/12148/cb165311318</controlfield>
    <controlfield tag="008">110816181107yyeng           1959                             010 </controlfield>
    <datafield tag="043" ind1=" " ind2=" ">
      <subfield code="o">te</subfield>
    </datafield>
    <datafield tag="100" ind1=" " ind2=" ">
      <subfield code="3">12616172</subfield>
      <subfield code="1">ISNI0000000080917695</subfield>
      <subfield code="w">.0..b.....</subfield>
      <subfield code="a">Keyes</subfield>
      <subfield code="m">Daniel</subfield>
      <subfield code="d">1927-2014</subfield>
    </datafield>
    <datafield tag="145" ind1="1" ind2="6">
      <subfield code="w">.0..b.eng.</subfield>
      <subfield code="a">Flowers for Algernon</subfield>
    </datafield>
    <datafield tag="445" ind1="1" ind2="6">
      <subfield code="w">....b.fre.</subfield>
      <subfield code="a">Des fleurs pour Algernon</subfield>
    </datafield>
    <datafield tag="600" ind1=" " ind2=" ">
      <subfield code="a">Nouvelle de science-fiction. Devient un roman en 1966</subfield>
    </datafield>
    <datafield tag="610" ind1=" " ind2=" ">
      <subfield code="a">Literature online : forme retenue</subfield>
      <subfield code="u">http://lion.chadwyck.co.uk</subfield>
      <subfield code="d">2011-08-16</subfield>
    </datafield>
    <datafield tag="612" ind1=" " ind2=" ">
      <subfield code="a">LC Authorities</subfield>
      <subfield code="u">http://authorities.loc.gov</subfield>
      <subfield code="d">2011-08-16</subfield>
    </datafield>
    <datafield tag="624" ind1=" " ind2=" ">
      <subfield code="a">800</subfield>
    </datafield>
  </record>