
  <record>
    <leader>00525c1 as2200027   45  </leader>
    <controlfield tag="001">FRBNF123420295</controlfield>
    <controlfield tag="003">http://catalogue.bnf.fr/ark:/12148/cb123420290</controlfield>
    <controlfield tag="008">931005230208yyfre           1854                             010 </controlfield>
    <datafield tag="043" ind1=" " ind2=" ">
      <subfield code="o">te</subfield>
    </datafield>
    <datafield tag="060" ind1=" " ind2=" ">
      <subfield code="c">sonne</subfield>
    </datafield>
    <datafield tag="100" ind1=" " ind2=" ">
      <subfield code="3">11887103</subfield>
      <subfield code="1">ISNI0000000121243763</subfield>
      <subfield code="w"> 0 2b.....</subfield>
      <subfield code="a">Nerval</subfield>
      <subfield code="m">Gérard de</subfield>
      <subfield code="d">1808-1855</subfield>
    </datafield>
    <datafield tag="145" ind1="1" ind2="6">
      <subfield code="w">.0..b.....</subfield>
      <subfield code="a">El Desdichado</subfield>
    </datafield>
    <datafield tag="502" ind1=" " ind2=" ">
      <subfield code="3">11943764</subfield>
      <subfield code="a">Nerval</subfield>
      <subfield code="m">Gérard de</subfield>
      <subfield code="d">1808-1855</subfield>
      <subfield code="t">Les chimères</subfield>
    </datafield>
    <datafield tag="609" ind1=" " ind2=" ">
      <subfield code="r">edi1</subfield>
      <subfield code="a">Paris</subfield>
      <subfield code="d">1854</subfield>
    </datafield>
    <datafield tag="610" ind1=" " ind2=" ">
      <subfield code="a">Beaumarchais (sous : Nerval, Gérard de). Chimères. El Desdichado</subfield>
    </datafield>
    <datafield tag="612" ind1=" " ind2=" ">
      <subfield code="a">BN Cat. gén. (sous : Nerval, Gérard Labrunie, dit Gérard de)</subfield>
    </datafield>
    <datafield tag="624" ind1=" " ind2=" ">
      <subfield code="a">800</subfield>
    </datafield>
    <datafield tag="631" ind1=" " ind2=" ">
      <subfield code="a">Sonnet</subfield>
    </datafield>
    <datafield tag="907" ind1=" " ind2=" ">
      <subfield code="o">GEA</subfield>
      <subfield code="a">004573143</subfield>
    </datafield>
    <datafield tag="917" ind1=" " ind2=" ">
      <subfield code="o">OPL</subfield>
      <subfield code="a">009347689</subfield>
    </datafield>
  </record>
  <record>
    <leader>00964c0 at22000272  45  </leader>
    <controlfield tag="001">FRBNF123213987</controlfield>
    <controlfield tag="003">http://catalogue.bnf.fr/ark:/12148/cb123213980</controlfield>
    <controlfield tag="008">930717230512cnchi           15..                             010 </controlfield>
    <datafield tag="060" ind1=" " ind2=" ">
      <subfield code="c">theat</subfield>
    </datafield>
    <datafield tag="141" ind1=" " ind2=" ">
      <subfield code="w">.0..bachi.</subfield>
      <subfield code="a">Xia Xiyang</subfield>
    </datafield>
    <datafield tag="441" ind1=" " ind2=" ">
      <subfield code="w">....bachi.</subfield>
      <subfield code="a">Feng tianming Sanbao xia Xiyang</subfield>
    </datafield>
    <datafield tag="441" ind1=" " ind2=" ">
      <subfield code="w">....bxchi.</subfield>
      <subfield code="a">Feng t′ien-ming San-pao hsia Hsi-yang</subfield>
    </datafield>
    <datafield tag="441" ind1=" " ind2=" ">
      <subfield code="w">....buchi.</subfield>
      <subfield code="a">Fong t′ien ming san pao hia si yang</subfield>
    </datafield>
    <datafield tag="441" ind1=" " ind2=" ">
      <subfield code="w">....bxchi.</subfield>
      <subfield code="a">Hsia Hsi-yang</subfield>
    </datafield>
    <datafield tag="441" ind1=" " ind2=" ">
      <subfield code="w">....b.ger.</subfield>
      <subfield code="a">Fahrt in den Westlichen Ozean</subfield>
    </datafield>
    <datafield tag="441" ind1=" " ind2=" ">
      <subfield code="w">....b.ger.</subfield>
      <subfield code="a">San-pao fährt auf kaiserlichen Befehl in den Westlichen Ozean</subfield>
    </datafield>
    <datafield tag="610" ind1=" " ind2=" ">
      <subfield code="a">Cheng Hos Abenteuer im Drama und Roman der Ming-Zeit : Hsia Hsi-yang... /  Roderich Ptak, 1986</subfield>
    </datafield>
    <datafield tag="610" ind1=" " ind2=" ">
      <subfield code="a">BN Service chinois</subfield>
      <subfield code="a">BN Manuscrits orientaux : Fong t′ien ming san pao hia si yang</subfield>
    </datafield>
    <datafield tag="630" ind1=" " ind2=" ">
      <subfield code="a">Composé au XVIe siècle</subfield>
    </datafield>
    <datafield tag="631" ind1=" " ind2=" ">
      <subfield code="a">Pièce de théâtre en quatre actes</subfield>
      <subfield code="a">Le personnage principal en est l'eunuque et navigateur chinois Zheng He</subfield>
    </datafield>
    <datafield tag="907" ind1=" " ind2=" ">
      <subfield code="o">GEA</subfield>
      <subfield code="a">001101803</subfield>
      <subfield code="b">AMA</subfield>
    </datafield>
    <datafield tag="907" ind1=" " ind2=" ">
      <subfield code="o">GEA</subfield>
      <subfield code="a">004414931</subfield>
      <subfield code="b">TUT</subfield>
    </datafield>
    <datafield tag="917" ind1=" " ind2=" ">
      <subfield code="o">OPL</subfield>
      <subfield code="a">002133540</subfield>
      <subfield code="b">AMA</subfield>
    </datafield>
    <datafield tag="917" ind1=" " ind2=" ">
      <subfield code="o">OPL</subfield>
      <subfield code="a">009081847</subfield>
      <subfield code="b">TUT</subfield>
    </datafield>
  </record>