
  <record>
    <leader>00495c1 as22000272  45  </leader>
    <controlfield tag="001">FRBNF133283471</controlfield>
    <controlfield tag="003">http://catalogue.bnf.fr/ark:/12148/cb13328347x</controlfield>
    <controlfield tag="008">971209060517yyeng           1868                             210 </controlfield>
    <datafield tag="043" ind1=" " ind2=" ">
      <subfield code="o">te</subfield>
    </datafield>
    <datafield tag="100" ind1=" " ind2=" ">
      <subfield code="3">11913296</subfield>
      <subfield code="1">ISNI0000000120961392</subfield>
      <subfield code="w">.0..b.....</subfield>
      <subfield code="a">Longfellow</subfield>
      <subfield code="m">Henry Wadsworth</subfield>
      <subfield code="d">1807-1882</subfield>
    </datafield>
    <datafield tag="145" ind1="1" ind2="6">
      <subfield code="w">.0..b.eng.</subfield>
      <subfield code="a">John Endicott</subfield>
    </datafield>
    <datafield tag="600" ind1=" " ind2=" ">
      <subfield code="a">Tragédie</subfield>
    </datafield>
    <datafield tag="610" ind1=" " ind2=" ">
      <subfield code="a">Reference guide to American literature, 1994 (sous : Longfellow, Henry Wadsworth)</subfield>
    </datafield>
    <datafield tag="612" ind1=" " ind2=" ">
      <subfield code="a">Oxford American lit., 1984</subfield>
      <subfield code="a">DLL, 1985</subfield>
      <subfield code="a">Dictionnaire universel des littératures / dir. B. Didier, 1994</subfield>
    </datafield>
    <datafield tag="624" ind1=" " ind2=" ">
      <subfield code="a">800</subfield>
    </datafield>
    <datafield tag="907" ind1=" " ind2=" ">
      <subfield code="o">GEA</subfield>
      <subfield code="a">007741728</subfield>
    </datafield>
    <datafield tag="917" ind1=" " ind2=" ">
      <subfield code="o">OPL</subfield>
      <subfield code="a">014042408</subfield>
    </datafield>
  </record>