
  <record>
    <leader>00762c1 as2200027   45  </leader>
    <controlfield tag="001">FRBNF17160391X</controlfield>
    <controlfield tag="003">http://catalogue.bnf.fr/ark:/12148/cb17160391h</controlfield>
    <controlfield tag="008">171027171127yyfre           1816                             010 </controlfield>
    <datafield tag="043" ind1=" " ind2=" ">
      <subfield code="a">te</subfield>
    </datafield>
    <datafield tag="100" ind1=" " ind2=" ">
      <subfield code="3">11924226</subfield>
      <subfield code="1">ISNI000000012122970X</subfield>
      <subfield code="w">.0..b.....</subfield>
      <subfield code="a">Scribe</subfield>
      <subfield code="m">Eugène</subfield>
      <subfield code="d">1791-1861</subfield>
    </datafield>
    <datafield tag="100" ind1=" " ind2=" ">
      <subfield code="3">11899326</subfield>
      <subfield code="1">ISNI0000000080933935</subfield>
      <subfield code="w">.0..b.....</subfield>
      <subfield code="a">Delestre-Poirson</subfield>
      <subfield code="m">Charles-Gaspard</subfield>
      <subfield code="d">1790-1859</subfield>
    </datafield>
    <datafield tag="145" ind1="2" ind2="6">
      <subfield code="w">.0..b.fre.</subfield>
      <subfield code="a">Le comte Ory</subfield>
      <subfield code="e">vaudeville</subfield>
    </datafield>
    <datafield tag="301" ind1="6" ind2=" ">
      <subfield code="3">14438108</subfield>
      <subfield code="a">Scribe</subfield>
      <subfield code="m">Eugène</subfield>
      <subfield code="d">1791-1861</subfield>
      <subfield code="t">Le comte Ory (livret d'opéra)</subfield>
    </datafield>
    <datafield tag="460" ind1=" " ind2=" ">
      <subfield code="w">....b.....</subfield>
      <subfield code="a">Delestre-Poirson</subfield>
      <subfield code="m">Charles-Gaspard</subfield>
      <subfield code="d">1790-1859</subfield>
      <subfield code="t">Le comte ory</subfield>
    </datafield>
    <datafield tag="600" ind1=" " ind2=" ">
      <subfield code="a">Vaudeville en un acte</subfield>
    </datafield>
    <datafield tag="609" ind1=" " ind2=" ">
      <subfield code="r">edi1</subfield>
      <subfield code="p">fr</subfield>
      <subfield code="a">Paris</subfield>
      <subfield code="d">1816</subfield>
    </datafield>
    <datafield tag="610" ind1=" " ind2=" ">
      <subfield code="a">Grove music online : Le comte Ory</subfield>
      <subfield code="u">http://www.oxfordmusiconline.com/</subfield>
      <subfield code="d">2017-10-27</subfield>
    </datafield>
    <datafield tag="610" ind1=" " ind2=" ">
      <subfield code="a">Le comte Ory, anecdote du XIe siècle, vaudeville en 1 acte / par MM. Eugène Scribe et Delestre-Poirson... [Paris, Vaudeville, 16 décembre 1816.]</subfield>
    </datafield>
    <datafield tag="624" ind1=" " ind2=" ">
      <subfield code="a">800</subfield>
    </datafield>
  </record>