
  <record>
    <leader>01289c0 as22000272  45  </leader>
    <controlfield tag="001">FRBNF166624193</controlfield>
    <controlfield tag="003">http://catalogue.bnf.fr/ark:/12148/cb166624198</controlfield>
    <controlfield tag="008">130212130426yymul           19920511                         210 </controlfield>
    <datafield tag="041" ind1=" " ind2=" ">
      <subfield code="a">fre</subfield>
      <subfield code="a">eng</subfield>
    </datafield>
    <datafield tag="043" ind1=" " ind2=" ">
      <subfield code="o">te</subfield>
    </datafield>
    <datafield tag="110" ind1=" " ind2=" ">
      <subfield code="3">11868456</subfield>
      <subfield code="1">ISNI0000000121880156</subfield>
      <subfield code="w">20..b.fre.</subfield>
      <subfield code="a">Conseil de l'Europe</subfield>
    </datafield>
    <datafield tag="145" ind1="3" ind2="6">
      <subfield code="w">.0..b.fre.</subfield>
      <subfield code="a">Charte européenne des langues régionales ou minoritaires</subfield>
      <subfield code="e">1992</subfield>
    </datafield>
    <datafield tag="145" ind1="3" ind2="6">
      <subfield code="w">.0..b.eng.</subfield>
      <subfield code="a">European charter for regional or minority languages</subfield>
      <subfield code="e">1992</subfield>
    </datafield>
    <datafield tag="301" ind1=" " ind2=" ">
      <subfield code="3">16662399</subfield>
      <subfield code="a">Conseil de l'Europe</subfield>
      <subfield code="t">Convention-cadre pour la protection des minorités nationales (1995)</subfield>
    </datafield>
    <datafield tag="600" ind1=" " ind2=" ">
      <subfield code="a">Charte adoptée à Strasbourg par le Conseil de l'Europe le 11-05-1992, entrée en vigueur le 01-03-1998. Signée par la France avec déclaration interprétative le 07-05-1999, mais non ratifiée, le Conseil constitutionnel ayant déclaré qu'elle comporte des clauses contraires à la constitution (décision n° 99-412 du 15-06-1999)</subfield>
    </datafield>
    <datafield tag="610" ind1=" " ind2=" ">
      <subfield code="a">Conseil de l'Europe, Bureau des traités : Charte européenne des langues régionales ou minoritaires ; European charter for regional or minority languages</subfield>
      <subfield code="u">http://www.conventions.coe.int/</subfield>
      <subfield code="d">2013-02-13</subfield>
    </datafield>
    <datafield tag="610" ind1=" " ind2=" ">
      <subfield code="a">European charter for regional or minority languages : Strasbourg, 5.XI.1992 / Council of Europe = Charte européenne des langues régionales ou minoritaires : Strasbourg, 5.XI.1992 / Conseil de l'Europe,1992</subfield>
    </datafield>
    <datafield tag="624" ind1=" " ind2=" ">
      <subfield code="a">340</subfield>
    </datafield>
    <datafield tag="624" ind1=" " ind2=" ">
      <subfield code="a">401</subfield>
    </datafield>
  </record>
  <record>
    <leader>01310c1 as22000272  45  </leader>
    <controlfield tag="001">FRBNF157047604</controlfield>
    <controlfield tag="003">http://catalogue.bnf.fr/ark:/12148/cb15704760t</controlfield>
    <controlfield tag="008">080623150506mlman           12..                             010 </controlfield>
    <datafield tag="043" ind1=" " ind2=" ">
      <subfield code="o">te</subfield>
    </datafield>
    <datafield tag="145" ind1="0" ind2="6">
      <subfield code="w">.0..b.man.</subfield>
      <subfield code="a">Kurukan Fuga gbara sariyalu</subfield>
    </datafield>
    <datafield tag="321" ind1="1" ind2=" ">
      <subfield code="3">12182206</subfield>
      <subfield code="9">100</subfield>
      <subfield code="w">.0 .b.....</subfield>
      <subfield code="a">Soundiata Keita</subfield>
      <subfield code="d">1190?-1255</subfield>
    </datafield>
    <datafield tag="445" ind1="0" ind2="6">
      <subfield code="w">....b.man.</subfield>
      <subfield code="a">Donsolu kalikan</subfield>
    </datafield>
    <datafield tag="445" ind1="0" ind2="6">
      <subfield code="w">....b.man.</subfield>
      <subfield code="a">Manden kalikan</subfield>
    </datafield>
    <datafield tag="445" ind1="0" ind2="6">
      <subfield code="w">....b.eng.</subfield>
      <subfield code="a">Charter of Kurukan Fuga</subfield>
    </datafield>
    <datafield tag="445" ind1="0" ind2="6">
      <subfield code="w">....b.eng.</subfield>
      <subfield code="a">Kurukan Fuga charter</subfield>
    </datafield>
    <datafield tag="445" ind1="0" ind2="6">
      <subfield code="w">....b.eng.</subfield>
      <subfield code="a">Mande charter</subfield>
    </datafield>
    <datafield tag="445" ind1="0" ind2="6">
      <subfield code="w">....b.fre.</subfield>
      <subfield code="a">Charte de Kouroukan Fouga</subfield>
    </datafield>
    <datafield tag="445" ind1="0" ind2="6">
      <subfield code="w">....b.fre.</subfield>
      <subfield code="a">Charte de Kurukan-Fouga</subfield>
    </datafield>
    <datafield tag="445" ind1="0" ind2="6">
      <subfield code="w">....b.fre.</subfield>
      <subfield code="a">Charte de Kurukan Fuga</subfield>
    </datafield>
    <datafield tag="445" ind1="0" ind2="6">
      <subfield code="w">....b.fre.</subfield>
      <subfield code="a">Charte du Mandé</subfield>
    </datafield>
    <datafield tag="445" ind1="0" ind2="6">
      <subfield code="w">....b.fre.</subfield>
      <subfield code="a">Charte du Manden</subfield>
    </datafield>
    <datafield tag="600" ind1=" " ind2=" ">
      <subfield code="a">Ensemble de 44 règles de conduite ou préceptes destinés à organiser la vie en société chez les Mandingues. Charte adoptée par les représentants du Mandé et leurs alliés réunis en 1236 à Kurukan Fuga (Mali)</subfield>
      <subfield code="a">Transmise depuis le XIIIe s. oralement et mise par écrit en 1998 en Guinée</subfield>
      <subfield code="a">Inscrite en 2009 par l'UNESCO sur la liste du patrimoine culturel immatériel de l'humanité</subfield>
    </datafield>
    <datafield tag="610" ind1=" " ind2=" ">
      <subfield code="a">La "Charte de Kurukan Fuga" : aux sources d'une pensée politique en Afrique / CELHTO, 2008, p. 40 : forme retenue</subfield>
    </datafield>
    <datafield tag="612" ind1=" " ind2=" ">
      <subfield code="a">Dict. universel des littératures / dir. B. Didier, 1994</subfield>
      <subfield code="a">Encycl. universalis, 1996</subfield>
    </datafield>
    <datafield tag="624" ind1=" " ind2=" ">
      <subfield code="a">300</subfield>
    </datafield>
    <datafield tag="624" ind1=" " ind2=" ">
      <subfield code="a">340</subfield>
    </datafield>
  </record>