
  <record>
    <leader>01330c0 as22000272  45  </leader>
    <controlfield tag="001">FRBNF150599183</controlfield>
    <controlfield tag="003">http://catalogue.bnf.fr/ark:/12148/cb15059918m</controlfield>
    <controlfield tag="008">060424210914yylat           1222                             010 </controlfield>
    <datafield tag="043" ind1=" " ind2=" ">
      <subfield code="o">te</subfield>
    </datafield>
    <datafield tag="110" ind1=" " ind2=" ">
      <subfield code="3">11864308</subfield>
      <subfield code="1">ISNI0000000122540380</subfield>
      <subfield code="w">21..b.fre.</subfield>
      <subfield code="a">Hongrie</subfield>
    </datafield>
    <datafield tag="145" ind1="3" ind2="6">
      <subfield code="w">.0..b lat.</subfield>
      <subfield code="a">Bulla aurea</subfield>
      <subfield code="e">1222</subfield>
    </datafield>
    <datafield tag="320" ind1=" " ind2=" ">
      <subfield code="3">16514622</subfield>
      <subfield code="9">161</subfield>
      <subfield code="w">....b.....</subfield>
      <subfield code="a">Magyar országos levéltár</subfield>
      <subfield code="c">Hongrie</subfield>
      <subfield code="x">Manuscrit. DI 4239/4</subfield>
    </datafield>
    <datafield tag="321" ind1=" " ind2=" ">
      <subfield code="r">Promulgué par</subfield>
      <subfield code="3">14564392</subfield>
      <subfield code="9">100</subfield>
      <subfield code="w">.0..b.....</subfield>
      <subfield code="a">André</subfield>
      <subfield code="u">2</subfield>
      <subfield code="h">II</subfield>
      <subfield code="d">1175?-1235</subfield>
      <subfield code="e">roi de Hongrie</subfield>
    </datafield>
    <datafield tag="445" ind1="3" ind2="6">
      <subfield code="w">....b.lat.</subfield>
      <subfield code="a">Aurea bulla</subfield>
      <subfield code="e">1222</subfield>
    </datafield>
    <datafield tag="445" ind1="3" ind2="6">
      <subfield code="w">....b.lat.</subfield>
      <subfield code="a">Bulla aurea Andreae II regis Hungariae</subfield>
    </datafield>
    <datafield tag="445" ind1="3" ind2="6">
      <subfield code="w">....b.lat.</subfield>
      <subfield code="a">Decretum anni 1222</subfield>
    </datafield>
    <datafield tag="445" ind1="3" ind2="6">
      <subfield code="w">....b.fre.</subfield>
      <subfield code="a">Bulle d'or</subfield>
      <subfield code="e">1222</subfield>
    </datafield>
    <datafield tag="445" ind1="3" ind2="6">
      <subfield code="w">....b.hun.</subfield>
      <subfield code="a">Aranybulla</subfield>
      <subfield code="e">1222</subfield>
    </datafield>
    <datafield tag="445" ind1="3" ind2="6">
      <subfield code="w">....b.eng.</subfield>
      <subfield code="a">Golden Bull</subfield>
      <subfield code="e">1222</subfield>
    </datafield>
    <datafield tag="510" ind1=" " ind2=" ">
      <subfield code="3">11939175</subfield>
      <subfield code="9">167</subfield>
      <subfield code="w">....b.....</subfield>
      <subfield code="a">Hongrie</subfield>
      <subfield code="z">+* 1000......- 1699......+:1000-1699:</subfield>
    </datafield>
    <datafield tag="610" ind1=" " ind2=" ">
      <subfield code="a">De Bulla aurea Andreae II regis Hungariae, MCCXXII, 1999</subfield>
    </datafield>
    <datafield tag="610" ind1=" " ind2=" ">
      <subfield code="a">Potthast 2 (sous : Andreas II rex Hungariae) : Decretum a. 1222</subfield>
      <subfield code="a">Introduction à l'étude du droit hongrois / Imre Zajtay, 1953, p. 34 : Decretum ; Bulle d'or</subfield>
      <subfield code="a">Mourre (sous : Hongrie) : Bulle d'or</subfield>
      <subfield code="a">Magyar életrajzi lexkikon (sous : András, II.) : Aranybulla</subfield>
      <subfield code="u">http://mek.oszk.hu/00300/00355/html</subfield>
      <subfield code="d">2004-04-24</subfield>
    </datafield>
    <datafield tag="624" ind1=" " ind2=" ">
      <subfield code="a">340</subfield>
    </datafield>
    <datafield tag="624" ind1=" " ind2=" ">
      <subfield code="a">940</subfield>
    </datafield>
    <datafield tag="631" ind1=" " ind2=" ">
      <subfield code="a">Charte, en latin, garantissant les privilèges de l'aristocratie contre l'arbitraire du roi ; remaniée en 1231</subfield>
    </datafield>
  </record>
  <record>
    <leader>01123c0 as22000272  45  </leader>
    <controlfield tag="001">FRBNF159744406</controlfield>
    <controlfield tag="003">http://catalogue.bnf.fr/ark:/12148/cb159744405</controlfield>
    <controlfield tag="008">090316180803zzmul           1940                             210 </controlfield>
    <datafield tag="043" ind1=" " ind2=" ">
      <subfield code="o">te</subfield>
    </datafield>
    <datafield tag="145" ind1="0" ind2="6">
      <subfield code="w">.1..b.fre.</subfield>
      <subfield code="a">Concordat</subfield>
      <subfield code="e">1940</subfield>
      <subfield code="e">Portugal</subfield>
    </datafield>
    <datafield tag="321" ind1="5" ind2=" ">
      <subfield code="3">11869156</subfield>
      <subfield code="9">110</subfield>
      <subfield code="w">20..b.fre.</subfield>
      <subfield code="a">Église catholique</subfield>
    </datafield>
    <datafield tag="321" ind1="5" ind2=" ">
      <subfield code="3">11865344</subfield>
      <subfield code="9">110</subfield>
      <subfield code="w">20..b.....</subfield>
      <subfield code="a">Portugal</subfield>
    </datafield>
    <datafield tag="445" ind1="0" ind2="6">
      <subfield code="w">....b.por.</subfield>
      <subfield code="a">Concordata entre a Santa Sé e a República Portuguesa</subfield>
    </datafield>
    <datafield tag="510" ind1=" " ind2=" ">
      <subfield code="3">12000318</subfield>
      <subfield code="9">166</subfield>
      <subfield code="w">....b.....</subfield>
      <subfield code="a">Diplomatie pontificale</subfield>
      <subfield code="z">+* 1900......- 1999......+:20e siècle:</subfield>
    </datafield>
    <datafield tag="510" ind1=" " ind2=" ">
      <subfield code="3">12141859</subfield>
      <subfield code="9">166</subfield>
      <subfield code="w">....b.....</subfield>
      <subfield code="a">Histoire religieuse</subfield>
      <subfield code="y">Portugal</subfield>
    </datafield>
    <datafield tag="600" ind1=" " ind2=" ">
      <subfield code="a">Concordat du 7 mai 1940, complété en 1975. Il a été remplacé par le Concordat du 18 mai 2004</subfield>
    </datafield>
    <datafield tag="610" ind1=" " ind2=" ">
      <subfield code="a">Grand Larousse universel (art. : Concordat)</subfield>
    </datafield>
    <datafield tag="610" ind1=" " ind2=" ">
      <subfield code="a">Dict. encyclopédique d'histoire / M. Mourre, 1996 (art. : Concordats)</subfield>
      <subfield code="a">Dict. historique de la Papauté / P. Levillain, 1994 (art. : Concordat)</subfield>
      <subfield code="a">Hist. du christianisme. T. XII, Guerres mondiales et totalitarismes (1914-1958) / J. M. Mayeur, 1990 (p. 408-409)</subfield>
    </datafield>
    <datafield tag="624" ind1=" " ind2=" ">
      <subfield code="a">200</subfield>
    </datafield>
    <datafield tag="624" ind1=" " ind2=" ">
      <subfield code="a">940</subfield>
    </datafield>
    <datafield tag="624" ind1=" " ind2=" ">
      <subfield code="a">340</subfield>
    </datafield>
  </record>