
  <record>
    <leader>00731n0 as22000272  45  </leader>
    <controlfield tag="001">FRBNF125656732</controlfield>
    <controlfield tag="003">http://catalogue.bnf.fr/ark:/12148/cb12565673m</controlfield>
    <controlfield tag="008">970515970515yy              1993                             210 </controlfield>
    <datafield tag="043" ind1=" " ind2=" ">
      <subfield code="o">te</subfield>
    </datafield>
    <datafield tag="110" ind1=" " ind2=" ">
      <subfield code="3">12272837</subfield>
      <subfield code="1">ISNI0000000123027140</subfield>
      <subfield code="w">21..b.fre.</subfield>
      <subfield code="a">Russie</subfield>
      <subfield code="q">Fédération</subfield>
    </datafield>
    <datafield tag="145" ind1="3" ind2="6">
      <subfield code="w">.1..b.fre.</subfield>
      <subfield code="a">Constitution</subfield>
      <subfield code="e">1993</subfield>
    </datafield>
    <datafield tag="320" ind1=" " ind2=" ">
      <subfield code="3">15011787</subfield>
      <subfield code="9">166</subfield>
      <subfield code="w">....b.....</subfield>
      <subfield code="a">Référendum</subfield>
      <subfield code="y">Russie</subfield>
      <subfield code="z">+* 1993......- 1993......+:1993:</subfield>
    </datafield>
    <datafield tag="600" ind1=" " ind2=" ">
      <subfield code="a">Constitution approuvée en juillet 1993 par la conférence constitutionnelle, adoptée par référendum le 12 décembre 1993 et entrée en vigueur le 24 ; remplace celle de 1977 et renforce les pouvoirs présidentiels</subfield>
    </datafield>
    <datafield tag="610" ind1=" " ind2=" ">
      <subfield code="a">SY, 1994-1995</subfield>
    </datafield>
    <datafield tag="610" ind1=" " ind2=" ">
      <subfield code="a">Année 1993 dans "Le Monde"</subfield>
    </datafield>
    <datafield tag="624" ind1=" " ind2=" ">
      <subfield code="a">320</subfield>
    </datafield>
    <datafield tag="624" ind1=" " ind2=" ">
      <subfield code="a">340</subfield>
    </datafield>
    <datafield tag="907" ind1=" " ind2=" ">
      <subfield code="o">GEA</subfield>
      <subfield code="a">007426312</subfield>
    </datafield>
    <datafield tag="917" ind1=" " ind2=" ">
      <subfield code="o">OPL</subfield>
      <subfield code="a">013244474</subfield>
    </datafield>
  </record>