
  <record>
    <leader>00815n1 as2200027   45  </leader>
    <controlfield tag="001">FRBNF170258645</controlfield>
    <controlfield tag="003">http://catalogue.bnf.fr/ark:/12148/cb170258646</controlfield>
    <controlfield tag="008">160211      yyvie           19801216                         210 </controlfield>
    <datafield tag="043" ind1=" " ind2=" ">
      <subfield code="o">te</subfield>
    </datafield>
    <datafield tag="110" ind1=" " ind2=" ">
      <subfield code="3">11868623</subfield>
      <subfield code="1">ISNI0000000122433972</subfield>
      <subfield code="w">21..b.fre.</subfield>
      <subfield code="a">Vietnam</subfield>
    </datafield>
    <datafield tag="145" ind1="3" ind2="6">
      <subfield code="w">.0..b.vie.</subfield>
      <subfield code="a">Hiến pháp</subfield>
      <subfield code="e">1980</subfield>
    </datafield>
    <datafield tag="445" ind1="3" ind2="6">
      <subfield code="w">....b.fre.</subfield>
      <subfield code="a">Constitution</subfield>
      <subfield code="e">1980</subfield>
    </datafield>
    <datafield tag="510" ind1=" " ind2=" ">
      <subfield code="3">14498657</subfield>
      <subfield code="9">166</subfield>
      <subfield code="w">....b.....</subfield>
      <subfield code="a">Constitutions</subfield>
      <subfield code="y">Vietnam</subfield>
    </datafield>
    <datafield tag="600" ind1=" " ind2=" ">
      <subfield code="a">Constitution promulguée le 16 décembre 1980</subfield>
    </datafield>
    <datafield tag="610" ind1=" " ind2=" ">
      <subfield code="a">VIAF : Bibliothèque du Congrès : Vietnam. Hié̂n pháp</subfield>
      <subfield code="u">permalienhttp://viaf.org/viaf/184783641</subfield>
      <subfield code="d">2016-02-11</subfield>
      <subfield code="a">Encycl. universalis (art. : Vietnam)</subfield>
      <subfield code="u">http://www.universalis-edu.com</subfield>
      <subfield code="d">2016-02-11</subfield>
      <subfield code="a">Wikipédia : constitution de la République socialiste du Viêt Nam</subfield>
      <subfield code="u">https://fr.wikipedia.org</subfield>
      <subfield code="d">2016-02-11</subfield>
    </datafield>
    <datafield tag="610" ind1=" " ind2=" ">
      <subfield code="a">Hỏi và đáp vê ̀ Hiêń pháp nươć Cộng hoà xã hội chủ nghĩa Việt Nam, 1981</subfield>
    </datafield>
    <datafield tag="624" ind1=" " ind2=" ">
      <subfield code="a">320</subfield>
    </datafield>
    <datafield tag="624" ind1=" " ind2=" ">
      <subfield code="a">340</subfield>
    </datafield>
  </record>