
  <record>
    <leader>00324n1 as22000272  45  </leader>
    <controlfield tag="001">FRBNF151125964</controlfield>
    <controlfield tag="003">http://catalogue.bnf.fr/ark:/12148/cb15112596z</controlfield>
    <controlfield tag="008">061115      yy              1861                             210 </controlfield>
    <datafield tag="043" ind1=" " ind2=" ">
      <subfield code="o">te</subfield>
    </datafield>
    <datafield tag="110" ind1=" " ind2=" ">
      <subfield code="3">11865659</subfield>
      <subfield code="1">ISNI0000000121102127</subfield>
      <subfield code="w">21..b.fre.</subfield>
      <subfield code="a">Tunisie</subfield>
    </datafield>
    <datafield tag="145" ind1="3" ind2="6">
      <subfield code="w">.1..b.fre.</subfield>
      <subfield code="a">Constitution</subfield>
      <subfield code="e">1861</subfield>
    </datafield>
    <datafield tag="600" ind1=" " ind2=" ">
      <subfield code="a">Constitution du 26 avril 1861</subfield>
    </datafield>
    <datafield tag="610" ind1=" " ind2=" ">
      <subfield code="a">La constitution tunisienne de 1861 / Hachemi Jegham, 1989</subfield>
    </datafield>
    <datafield tag="624" ind1=" " ind2=" ">
      <subfield code="a">340</subfield>
    </datafield>
    <datafield tag="624" ind1=" " ind2=" ">
      <subfield code="a">320</subfield>
    </datafield>
  </record>