
  <record>
    <leader>00988c1 as22000272  45  </leader>
    <controlfield tag="001">FRBNF135615029</controlfield>
    <controlfield tag="003">http://catalogue.bnf.fr/ark:/12148/cb135615020</controlfield>
    <controlfield tag="008">000628040129yylat           1005    ?                        010 </controlfield>
    <datafield tag="043" ind1=" " ind2=" ">
      <subfield code="o">te</subfield>
    </datafield>
    <datafield tag="100" ind1=" " ind2=" ">
      <subfield code="3">12109909</subfield>
      <subfield code="1">ISNI0000000118377445</subfield>
      <subfield code="w">.1..b.fre.</subfield>
      <subfield code="a">Aelfric</subfield>
      <subfield code="d">0955?-1020?</subfield>
    </datafield>
    <datafield tag="145" ind1="1" ind2="6">
      <subfield code="w">.0..b.lat.</subfield>
      <subfield code="a">Epistula ad fratres Egneshammenses</subfield>
    </datafield>
    <datafield tag="445" ind1="1" ind2="6">
      <subfield code="w">....b.lat </subfield>
      <subfield code="a">Epistola ad fratres Egneshammenses</subfield>
    </datafield>
    <datafield tag="445" ind1="1" ind2="6">
      <subfield code="w">....b.eng.</subfield>
      <subfield code="a">Latin letter to the monks at Eynsham</subfield>
    </datafield>
    <datafield tag="445" ind1="1" ind2="6">
      <subfield code="w">....b.eng.</subfield>
      <subfield code="a">Letter to the monks at Eynsham</subfield>
    </datafield>
    <datafield tag="445" ind1="1" ind2="6">
      <subfield code="w">....b.eng.</subfield>
      <subfield code="a">Letter to the monks of Eynsham</subfield>
    </datafield>
    <datafield tag="600" ind1=" " ind2=" ">
      <subfield code="a">Coutumier monastique destiné aux moines d'Eynsham, abrégé de la  "Regularis Concordia" d'Ethelwold</subfield>
    </datafield>
    <datafield tag="610" ind1=" " ind2=" ">
      <subfield code="a">DOC / Vittorio Volpi, 1994 (sous : Aelfricus Cantuariensis, 955-1020) : forme retenue</subfield>
    </datafield>
    <datafield tag="610" ind1=" " ind2=" ">
      <subfield code="a">Potthast 2, 1962 p. 137 : Epistola ad fratres Egneshammenses</subfield>
      <subfield code="a">Aelfric, an annotated bibliography / Luke M. Reinsma, 1987, p. 37 : Letter to the monks of Eynsham ; p. 240 : Latin letter to the monks at Eynsham ; p. 245 : Letter to the monks at Eynsham</subfield>
    </datafield>
    <datafield tag="612" ind1=" " ind2=" ">
      <subfield code="a">BN ATU (en ligne), 2000-06-28</subfield>
    </datafield>
    <datafield tag="624" ind1=" " ind2=" ">
      <subfield code="a">200</subfield>
    </datafield>
    <datafield tag="907" ind1=" " ind2=" ">
      <subfield code="o">GEA</subfield>
      <subfield code="a">009037886</subfield>
    </datafield>
    <datafield tag="917" ind1=" " ind2=" ">
      <subfield code="o">OPL</subfield>
      <subfield code="a">014998566</subfield>
    </datafield>
  </record>
  <record>
    <leader>01046c1 at22000272  45  </leader>
    <controlfield tag="001">FRBNF15535769X</controlfield>
    <controlfield tag="003">http://catalogue.bnf.fr/ark:/12148/cb15535769f</controlfield>
    <controlfield tag="008">070529070530insan                                            1   </controlfield>
    <datafield tag="141" ind1=" " ind2=" ">
      <subfield code="w">.0..basan.</subfield>
      <subfield code="a">Tantra</subfield>
      <subfield code="i">Svacchandatantra</subfield>
    </datafield>
    <datafield tag="141" ind1=" " ind2=" ">
      <subfield code="w">.0..j.san.</subfield>
      <subfield code="a">तन्त्र</subfield>
      <subfield code="i">स्वच्छन्दतन्त्र</subfield>
    </datafield>
    <datafield tag="441" ind1=" " ind2=" ">
      <subfield code="w">....basan.</subfield>
      <subfield code="a">Svacchandatantra</subfield>
    </datafield>
    <datafield tag="441" ind1=" " ind2=" ">
      <subfield code="w">....basan.</subfield>
      <subfield code="a">Svacchanda tantra</subfield>
    </datafield>
    <datafield tag="441" ind1=" " ind2=" ">
      <subfield code="w">....busan </subfield>
      <subfield code="a">Swacchanda-tantra</subfield>
    </datafield>
    <datafield tag="502" ind1=" " ind2=" ">
      <subfield code="3">12009019</subfield>
      <subfield code="w">.0..bxsan.</subfield>
      <subfield code="a">Tantra</subfield>
    </datafield>
    <datafield tag="600" ind1=" " ind2=" ">
      <subfield code="a">Traité tantrique du shivaïsme du Cachemire</subfield>
    </datafield>
    <datafield tag="610" ind1=" " ind2=" ">
      <subfield code="a">Catl. of Sanskrit, Pali and Prakrit books / National library, Calcutta, 1973 : forme retenue</subfield>
    </datafield>
    <datafield tag="610" ind1=" " ind2=" ">
      <subfield code="a">LC Authorities : Tantras. Svacchandatantra</subfield>
      <subfield code="u">http://authorities.loc.gov</subfield>
      <subfield code="d">2007-05-29</subfield>
    </datafield>
    <datafield tag="610" ind1=" " ind2=" ">
      <subfield code="a">BnF Service indien, 2007-05-29</subfield>
    </datafield>
    <datafield tag="612" ind1=" " ind2=" ">
      <subfield code="a">IFLA, Anonymous classics, 1964, p. 64</subfield>
    </datafield>
    <datafield tag="612" ind1=" " ind2=" ">
      <subfield code="a">Internatl. encycl. of Indian lit. / G. R. Garg, 1987, vol. 1, part 2</subfield>
      <subfield code="a">L'Inde classique / par L. Renou et J. Filliozat, 1947-1953, vol. 1, p. 427-428 et p. 634-635</subfield>
      <subfield code="a">Dict. de la civilisation indienne / Louis Frédéric, 1987</subfield>
      <subfield code="a">Dict. de la sagesse orientale, 1989</subfield>
    </datafield>
    <datafield tag="624" ind1=" " ind2=" ">
      <subfield code="a">200</subfield>
    </datafield>
  </record>