
  <record>
    <leader>00797n1 as22000272  45  </leader>
    <controlfield tag="001">FRBNF150512890</controlfield>
    <controlfield tag="003">http://catalogue.bnf.fr/ark:/12148/cb150512898</controlfield>
    <controlfield tag="008">060317      yylat                                            010 </controlfield>
    <datafield tag="043" ind1=" " ind2=" ">
      <subfield code="o">te</subfield>
    </datafield>
    <datafield tag="100" ind1=" " ind2=" ">
      <subfield code="3">11901535</subfield>
      <subfield code="1">ISNI0000000122827576</subfield>
      <subfield code="w">.0..b.....</subfield>
      <subfield code="a">Eckhart</subfield>
      <subfield code="m">Johannes</subfield>
      <subfield code="d">1260?-1327?</subfield>
    </datafield>
    <datafield tag="145" ind1="1" ind2="6">
      <subfield code="w">.0..b.lat.</subfield>
      <subfield code="a">Expositio libri Exodi</subfield>
    </datafield>
    <datafield tag="445" ind1="1" ind2="6">
      <subfield code="w">....b.lat.</subfield>
      <subfield code="a">In Exodum</subfield>
    </datafield>
    <datafield tag="445" ind1="1" ind2="6">
      <subfield code="w">....b.fre.</subfield>
      <subfield code="a">Commentaire du livre de l'Exode</subfield>
    </datafield>
    <datafield tag="600" ind1=" " ind2=" ">
      <subfield code="a">Commentaire biblique</subfield>
    </datafield>
    <datafield tag="610" ind1=" " ind2=" ">
      <subfield code="a">DHGE (sous : Eckhart, maître) : forme retenue</subfield>
    </datafield>
    <datafield tag="610" ind1=" " ind2=" ">
      <subfield code="a">DTC (sous : Eckart) : In Exodum</subfield>
      <subfield code="a">Maître Eckhart et la métaphysique de l'Exode / P. Gire, 2006 : Commentaire du livre de l'Exode</subfield>
    </datafield>
    <datafield tag="612" ind1=" " ind2=" ">
      <subfield code="a">Dict. spiritualité</subfield>
      <subfield code="a">Encycl. universalis, 1996</subfield>
      <subfield code="a">Laffont-Bompiani, Oeuvres, 1994</subfield>
      <subfield code="a">Dict. des auteurs grecs et latins de l'Antiquité et du Moyen âge / Wolfgang Buchwald, Armin Hohlweg, Otto Prinz, 1991</subfield>
      <subfield code="a">Catholic encycl.</subfield>
      <subfield code="a">Larousse 19e s., 1865-1888</subfield>
    </datafield>
    <datafield tag="624" ind1=" " ind2=" ">
      <subfield code="a">200</subfield>
    </datafield>
  </record>