
  <record>
    <leader>01564c1 as22000272  45  </leader>
    <controlfield tag="001">FRBNF158017382</controlfield>
    <controlfield tag="003">http://catalogue.bnf.fr/ark:/12148/cb158017383</controlfield>
    <controlfield tag="008">081007160309yylat           10..                             210 </controlfield>
    <datafield tag="043" ind1=" " ind2=" ">
      <subfield code="o">te</subfield>
    </datafield>
    <datafield tag="100" ind1=" " ind2=" ">
      <subfield code="3">11886741</subfield>
      <subfield code="1">ISNI000000010919943X</subfield>
      <subfield code="w"> 1  b fre </subfield>
      <subfield code="a">Lanfranc</subfield>
      <subfield code="d">1010-1089</subfield>
    </datafield>
    <datafield tag="145" ind1="1" ind2="6">
      <subfield code="w">.0..b.lat.</subfield>
      <subfield code="a">In omnes Pauli epistulas commentarii</subfield>
    </datafield>
    <datafield tag="445" ind1="1" ind2="6">
      <subfield code="w">....b.eng.</subfield>
      <subfield code="a">Commentary on saint Paul</subfield>
    </datafield>
    <datafield tag="445" ind1="1" ind2="6">
      <subfield code="w">....b.fre.</subfield>
      <subfield code="a">Commentaire sur les épîtres de saint Paul</subfield>
    </datafield>
    <datafield tag="445" ind1="1" ind2="6">
      <subfield code="w">....b.fre.</subfield>
      <subfield code="a">Commentaires sur saint Paul</subfield>
    </datafield>
    <datafield tag="600" ind1=" " ind2=" ">
      <subfield code="a">Commentaire exégétique</subfield>
    </datafield>
    <datafield tag="610" ind1=" " ind2=" ">
      <subfield code="a">DOC / Vittorio Volpi, 1994 (sous : Lanfrancus Cantuariensis) : In omnes Pauli epistulas commentarii</subfield>
    </datafield>
    <datafield tag="610" ind1=" " ind2=" ">
      <subfield code="a">Biographisch-Bibliographisches Kirchenlexikon (sous : Lanfrank von Bec) : In omnes Pauli epistolas commentarii</subfield>
      <subfield code="u">http://www.bautz.de/bbkl/</subfield>
      <subfield code="d">2008-10-07</subfield>
      <subfield code="a">DTC (sous : Lanfranc, prieur du Bec) : Commentaire sur les épîtres de saint Paul</subfield>
      <subfield code="a">Dict. spiritualité (sous : Lanfranc, bienheureux, archevêque de Cantobéry) : Commentaire sur les épîtres de saint Paul</subfield>
      <subfield code="a">Catholicisme (sous : Lanfranc) : Commentaire sur les épîtres de saint Paul</subfield>
      <subfield code="a">Grente, Moyen âge, 1992 (sous : Lanfranc) : Commentaire sur les épîtres de saint Paul</subfield>
      <subfield code="a">Encycl. universalis (sous : Lanfranc) : Commentaires sur saint Paul</subfield>
      <subfield code="u">http://www.universalis-edu.com/</subfield>
      <subfield code="d">2008-10-07</subfield>
    </datafield>
    <datafield tag="612" ind1=" " ind2=" ">
      <subfield code="a">Lex. des Mittelalters, 1980-1999 (sous : Lanfranc v. Canterbury)</subfield>
      <subfield code="a">GDEL (sous : Lanfranc)</subfield>
    </datafield>
    <datafield tag="612" ind1=" " ind2=" ">
      <subfield code="a">BN Cat. gén. (sous : Lanfranc, bx, archevêque de Cantorbéry) : pas d'éd. isolée</subfield>
      <subfield code="a">BN Cat. gén. 1960-1969 (sous : Lanfranc, Bienheureux, archévêque de Cantorbéry)</subfield>
    </datafield>
    <datafield tag="624" ind1=" " ind2=" ">
      <subfield code="a">200</subfield>
    </datafield>
  </record>