
  <record>
    <leader>00448c1 as22000272  45  </leader>
    <controlfield tag="001">FRBNF161353838</controlfield>
    <controlfield tag="003">http://catalogue.bnf.fr/ark:/12148/cb16135383b</controlfield>
    <controlfield tag="008">090917090918zzlat           1336                             210 </controlfield>
    <datafield tag="043" ind1=" " ind2=" ">
      <subfield code="o">te</subfield>
    </datafield>
    <datafield tag="110" ind1=" " ind2=" ">
      <subfield code="3">11869156</subfield>
      <subfield code="1">ISNI0000000121577632</subfield>
      <subfield code="w">20..b.fre.</subfield>
      <subfield code="a">Église catholique</subfield>
    </datafield>
    <datafield tag="145" ind1="3" ind2="6">
      <subfield code="w">.0..b.lat.</subfield>
      <subfield code="a">Benedictus Deus</subfield>
    </datafield>
    <datafield tag="321" ind1=" " ind2=" ">
      <subfield code="r">Promulgué par</subfield>
      <subfield code="3">11891183</subfield>
      <subfield code="9">100</subfield>
      <subfield code="w"> 1 4b fre </subfield>
      <subfield code="a">Benoît</subfield>
      <subfield code="u">12</subfield>
      <subfield code="h">XII</subfield>
      <subfield code="d">12..?-1342</subfield>
      <subfield code="e">pape</subfield>
    </datafield>
    <datafield tag="445" ind1="0" ind2="6">
      <subfield code="w">....b.eng.</subfield>
      <subfield code="a">On the beatific vision of God</subfield>
    </datafield>
    <datafield tag="600" ind1=" " ind2=" ">
      <subfield code="a">Constitution apostolique</subfield>
    </datafield>
    <datafield tag="610" ind1=" " ind2=" ">
      <subfield code="a">Vatican : forme retenue</subfield>
      <subfield code="u">http://www.vatican.va</subfield>
      <subfield code="d">2009-08-18</subfield>
    </datafield>
    <datafield tag="624" ind1=" " ind2=" ">
      <subfield code="a">200</subfield>
    </datafield>
  </record>