
  <record>
    <leader>00593c1 as22000272  45  </leader>
    <controlfield tag="001">FRBNF11965670X</controlfield>
    <controlfield tag="003">http://catalogue.bnf.fr/ark:/12148/cb119656704</controlfield>
    <controlfield tag="008">840821180614yylat           19810914                         010 </controlfield>
    <datafield tag="043" ind1=" " ind2=" ">
      <subfield code="o">te</subfield>
    </datafield>
    <datafield tag="110" ind1=" " ind2=" ">
      <subfield code="3">11869156</subfield>
      <subfield code="1">ISNI0000000121577632</subfield>
      <subfield code="w">20..b.fre.</subfield>
      <subfield code="a">Église catholique</subfield>
    </datafield>
    <datafield tag="145" ind1="3" ind2="6">
      <subfield code="w">.0..b.lat.</subfield>
      <subfield code="a">Laborem exercens</subfield>
    </datafield>
    <datafield tag="321" ind1=" " ind2=" ">
      <subfield code="r">Promulgué par :</subfield>
      <subfield code="3">12079078</subfield>
      <subfield code="9">100</subfield>
      <subfield code="w">.1.4b.fre.</subfield>
      <subfield code="a">Jean-Paul</subfield>
      <subfield code="u">2</subfield>
      <subfield code="h">II</subfield>
      <subfield code="d">1920-2005</subfield>
      <subfield code="e">pape</subfield>
    </datafield>
    <datafield tag="510" ind1=" " ind2=" ">
      <subfield code="3">11954007</subfield>
      <subfield code="9">166</subfield>
      <subfield code="w">....b.....</subfield>
      <subfield code="a">Encycliques</subfield>
    </datafield>
    <datafield tag="510" ind1=" " ind2=" ">
      <subfield code="3">11954008</subfield>
      <subfield code="9">166</subfield>
      <subfield code="w">....b.....</subfield>
      <subfield code="a">Encycliques sociales</subfield>
    </datafield>
    <datafield tag="600" ind1=" " ind2=" ">
      <subfield code="a">Encyclique promulguée à l'occasion du 90e anniversaire de l'encyclique "Rerum novarum"</subfield>
    </datafield>
    <datafield tag="609" ind1=" " ind2=" ">
      <subfield code="r">pro0</subfield>
      <subfield code="d">1981-09-14</subfield>
    </datafield>
    <datafield tag="610" ind1=" " ind2=" ">
      <subfield code="a">Théo, 1989, p. 857</subfield>
    </datafield>
    <datafield tag="624" ind1=" " ind2=" ">
      <subfield code="a">200</subfield>
    </datafield>
    <datafield tag="907" ind1=" " ind2=" ">
      <subfield code="o">GEA</subfield>
      <subfield code="a">000954652</subfield>
    </datafield>
    <datafield tag="917" ind1=" " ind2=" ">
      <subfield code="o">OPL</subfield>
      <subfield code="a">001977522</subfield>
    </datafield>
  </record>