
  <record>
    <leader>00410c1 as22000272  45  </leader>
    <controlfield tag="001">FRBNF170618602</controlfield>
    <controlfield tag="003">http://catalogue.bnf.fr/ark:/12148/cb17061860p</controlfield>
    <controlfield tag="008">160725160930yylat           20160319                         010 </controlfield>
    <datafield tag="043" ind1=" " ind2=" ">
      <subfield code="o">te</subfield>
    </datafield>
    <datafield tag="110" ind1=" " ind2=" ">
      <subfield code="3">11869156</subfield>
      <subfield code="1">ISNI0000000121577632</subfield>
      <subfield code="w">20..b.fre.</subfield>
      <subfield code="a">Église catholique</subfield>
    </datafield>
    <datafield tag="145" ind1="3" ind2="6">
      <subfield code="w">.0..b.lat.</subfield>
      <subfield code="a">Amoris laetitia</subfield>
    </datafield>
    <datafield tag="321" ind1=" " ind2=" ">
      <subfield code="r">Promulgué par :</subfield>
      <subfield code="3">16687486</subfield>
      <subfield code="9">100</subfield>
      <subfield code="w">.1.4b.fre.</subfield>
      <subfield code="a">François</subfield>
      <subfield code="d">1936-....</subfield>
      <subfield code="e">pape</subfield>
    </datafield>
    <datafield tag="600" ind1=" " ind2=" ">
      <subfield code="a">Exhortation apostolique sur l'amour dans la famille</subfield>
    </datafield>
    <datafield tag="610" ind1=" " ind2=" ">
      <subfield code="a">Le Saint-Siège</subfield>
      <subfield code="u">http://w2.vatican.va</subfield>
      <subfield code="d">2016-07-25</subfield>
    </datafield>
    <datafield tag="624" ind1=" " ind2=" ">
      <subfield code="a">200</subfield>
    </datafield>
  </record>
  <record>
    <leader>01128c1 as22000272  45  </leader>
    <controlfield tag="001">FRBNF166290612</controlfield>
    <controlfield tag="003">http://catalogue.bnf.fr/ark:/12148/cb16629061t</controlfield>
    <controlfield tag="008">120929121017egegy          -12..    ?                        010 </controlfield>
    <datafield tag="043" ind1=" " ind2=" ">
      <subfield code="o">te</subfield>
    </datafield>
    <datafield tag="145" ind1="0" ind2="6">
      <subfield code="w">.1..b.fre.</subfield>
      <subfield code="a">Livre des cavernes</subfield>
    </datafield>
    <datafield tag="445" ind1="0" ind2="6">
      <subfield code="w">....b.fre.</subfield>
      <subfield code="a">Livre d'enfer</subfield>
    </datafield>
    <datafield tag="445" ind1="0" ind2="6">
      <subfield code="w">....b.fre.</subfield>
      <subfield code="a">Livre des Quererts</subfield>
    </datafield>
    <datafield tag="445" ind1="0" ind2="6">
      <subfield code="w">....b.ger.</subfield>
      <subfield code="a">Das Höhlenbuch</subfield>
    </datafield>
    <datafield tag="445" ind1="0" ind2="6">
      <subfield code="w">....b.ger.</subfield>
      <subfield code="a">Höllenbuch</subfield>
    </datafield>
    <datafield tag="445" ind1="0" ind2="6">
      <subfield code="w">....b.eng.</subfield>
      <subfield code="a">Book of caverns</subfield>
    </datafield>
    <datafield tag="600" ind1=" " ind2=" ">
      <subfield code="a">Texte funéraire de l'ancienne Égypte, datant de la XIXe dynastie, décrivant la course nocturne du soleil dans l'autre monde</subfield>
    </datafield>
    <datafield tag="610" ind1=" " ind2=" ">
      <subfield code="a">Encyclopédie philosophique universelle. III, Les œuvres philosophiques / dir. J.-F. Mattéi, 1992 (sous : Livre de l'Am-Douat) : Livre des cavernes</subfield>
    </datafield>
    <datafield tag="610" ind1=" " ind2=" ">
      <subfield code="a">Encycl. universalis (sous : Vallée des Rois) : Livre des cavernes</subfield>
      <subfield code="u">http://www.universalis-edu.com/</subfield>
      <subfield code="d">2012-09-29</subfield>
      <subfield code="a">A companion to Ancient Egypt / ed. by Alan B. Lloyd, 2010, p. 730 : Book of caverns</subfield>
      <subfield code="a">Lexikon der Ägyptologie / hrsg. von W. Helck und Wolfhart Westendorf, 1972- : Höhlenbuch ; Livre des cavernes ; Livre d'enfer ; Höllenbuch</subfield>
    </datafield>
    <datafield tag="612" ind1=" " ind2=" ">
      <subfield code="a">Dictionnaire de la civilisation égyptienne / Guy Rachet, 1998</subfield>
    </datafield>
    <datafield tag="624" ind1=" " ind2=" ">
      <subfield code="a">200</subfield>
    </datafield>
  </record>