
  <record>
    <leader>00744c1 as22000272  45  </leader>
    <controlfield tag="001">FRBNF161829276</controlfield>
    <controlfield tag="003">http://catalogue.bnf.fr/ark:/12148/cb16182927t</controlfield>
    <controlfield tag="008">100223120111yylat           1998                             010 </controlfield>
    <datafield tag="043" ind1=" " ind2=" ">
      <subfield code="o">te</subfield>
    </datafield>
    <datafield tag="110" ind1=" " ind2=" ">
      <subfield code="3">11869156</subfield>
      <subfield code="1">ISNI0000000121577632</subfield>
      <subfield code="w">20..b.fre.</subfield>
      <subfield code="a">Église catholique</subfield>
    </datafield>
    <datafield tag="145" ind1="3" ind2="6">
      <subfield code="w">.0..b.lat.</subfield>
      <subfield code="a">Ad tuendam fidem</subfield>
    </datafield>
    <datafield tag="321" ind1=" " ind2=" ">
      <subfield code="r">Promulgué par</subfield>
      <subfield code="3">12079078</subfield>
      <subfield code="9">100</subfield>
      <subfield code="w">.1.4b.fre.</subfield>
      <subfield code="a">Jean-Paul</subfield>
      <subfield code="u">2</subfield>
      <subfield code="h">II</subfield>
      <subfield code="d">1920-2005</subfield>
      <subfield code="e">pape</subfield>
    </datafield>
    <datafield tag="510" ind1=" " ind2=" ">
      <subfield code="3">12132836</subfield>
      <subfield code="9">166</subfield>
      <subfield code="w">....b.....</subfield>
      <subfield code="a">Lettres apostoliques</subfield>
    </datafield>
    <datafield tag="600" ind1=" " ind2=" ">
      <subfield code="a">Lettre apostolique en forme de "motu proprio" promulguée le 18 mai 1998, insérant dans les textes en vigueur du "Code de Droit canonique" et du "Code des Canons des Églises orientales" des normes qui imposent expressément le devoir d'adhérer aux vérités proposées de façon définitive par le Magistère de l'Église</subfield>
    </datafield>
    <datafield tag="610" ind1=" " ind2=" ">
      <subfield code="a">Vatican : forme retenue</subfield>
      <subfield code="u">http://www.vatican.va/</subfield>
      <subfield code="d">2010-02-23</subfield>
    </datafield>
    <datafield tag="624" ind1=" " ind2=" ">
      <subfield code="a">200</subfield>
    </datafield>
  </record>
  <record>
    <leader>00697c0 as22000272  45  </leader>
    <controlfield tag="001">FRBNF125656764</controlfield>
    <controlfield tag="003">http://catalogue.bnf.fr/ark:/12148/cb12565676n</controlfield>
    <controlfield tag="008">970515090529zzlat                                            1   </controlfield>
    <datafield tag="043" ind1=" " ind2=" ">
      <subfield code="o">te</subfield>
    </datafield>
    <datafield tag="145" ind1="0" ind2="6">
      <subfield code="w">.0..b.lat.</subfield>
      <subfield code="a">Liber usualis</subfield>
      <subfield code="e">rite romain</subfield>
    </datafield>
    <datafield tag="301" ind1=" " ind2=" ">
      <subfield code="3">12565684</subfield>
      <subfield code="t">Liber usualis de l'Office (rite romain)</subfield>
    </datafield>
    <datafield tag="445" ind1="0" ind2="6">
      <subfield code="w">....b.lat.</subfield>
      <subfield code="a">Liber usualis missae et officii</subfield>
      <subfield code="e">rite romain</subfield>
    </datafield>
    <datafield tag="502" ind1=" " ind2=" ">
      <subfield code="3">12008252</subfield>
      <subfield code="t">Missel (rite romain)</subfield>
    </datafield>
    <datafield tag="502" ind1=" " ind2=" ">
      <subfield code="3">12008364</subfield>
      <subfield code="t">Bréviaire (rite romain)</subfield>
    </datafield>
    <datafield tag="600" ind1=" " ind2=" ">
      <subfield code="a">Livre liturgique contenant les chants de la messe et de l'office divin</subfield>
    </datafield>
    <datafield tag="610" ind1=" " ind2=" ">
      <subfield code="a">IFLA, Livres liturgiques, 1981</subfield>
      <subfield code="a">Liste des titres uniformes pour les livres liturgiques des rites latins de l'Église catholique / IFLA, 2007 : Liber usualis (pas de forme en français)</subfield>
    </datafield>
    <datafield tag="907" ind1=" " ind2=" ">
      <subfield code="o">GEA</subfield>
      <subfield code="a">007426337</subfield>
    </datafield>
    <datafield tag="917" ind1=" " ind2=" ">
      <subfield code="o">OPL</subfield>
      <subfield code="a">013244524</subfield>
    </datafield>
  </record>