
  <record>
    <leader>01267c1 as22000272  45  </leader>
    <controlfield tag="001">FRBNF170921834</controlfield>
    <controlfield tag="003">http://catalogue.bnf.fr/ark:/12148/cb170921838</controlfield>
    <controlfield tag="008">161208161209yyheb           1559                             210 </controlfield>
    <datafield tag="043" ind1=" " ind2=" ">
      <subfield code="a">te</subfield>
    </datafield>
    <datafield tag="100" ind1=" " ind2=" ">
      <subfield code="3">11990401</subfield>
      <subfield code="1">ISNI0000000080287232</subfield>
      <subfield code="w">.1..bu....</subfield>
      <subfield code="a">Cordovero</subfield>
      <subfield code="m">Moïse ben Jacob</subfield>
      <subfield code="d">1522-1570</subfield>
    </datafield>
    <datafield tag="145" ind1="1" ind2="6">
      <subfield code="w">.0..baheb.</subfield>
      <subfield code="a">ʾEliymah rabatiy</subfield>
    </datafield>
    <datafield tag="145" ind1="1" ind2="6">
      <subfield code="w">.0..h.heb.</subfield>
      <subfield code="a">אלימה רבתי</subfield>
    </datafield>
    <datafield tag="445" ind1="1" ind2="6">
      <subfield code="w">....baheb.</subfield>
      <subfield code="a">Seper ʾEliymah rabatiy</subfield>
    </datafield>
    <datafield tag="445" ind1="1" ind2="6">
      <subfield code="w">....h.heb.</subfield>
      <subfield code="a">ספר אלימה רבתי</subfield>
    </datafield>
    <datafield tag="445" ind1="1" ind2="6">
      <subfield code="w">....baheb.</subfield>
      <subfield code="a">ʾEyliymah rabatiy</subfield>
    </datafield>
    <datafield tag="445" ind1="1" ind2="6">
      <subfield code="w">....h.heb.</subfield>
      <subfield code="a">אילימה רבתי</subfield>
    </datafield>
    <datafield tag="445" ind1="1" ind2="6">
      <subfield code="w">....buheb.</subfield>
      <subfield code="a">Elimah rabati</subfield>
    </datafield>
    <datafield tag="445" ind1="1" ind2="6">
      <subfield code="w">....baheb.</subfield>
      <subfield code="a">Seper ʾEyliymah rabatiy</subfield>
    </datafield>
    <datafield tag="445" ind1="1" ind2="6">
      <subfield code="w">....h.heb.</subfield>
      <subfield code="a">ספר אילימה רבתי</subfield>
    </datafield>
    <datafield tag="445" ind1="1" ind2="6">
      <subfield code="w">....buheb.</subfield>
      <subfield code="a">Elimah Rabbati</subfield>
    </datafield>
    <datafield tag="600" ind1=" " ind2=" ">
      <subfield code="a">Ouvrage de mystique juive</subfield>
    </datafield>
    <datafield tag="609" ind1=" " ind2=" ">
      <subfield code="r">com0</subfield>
      <subfield code="d">1559</subfield>
    </datafield>
    <datafield tag="610" ind1=" " ind2=" ">
      <subfield code="a">National library of Israel : Seper ʾEliymah rabatiy (caractères hébreux ici translittérés selon la norme ISO 259.2, 1995)</subfield>
      <subfield code="u">http://web.nli.org.il</subfield>
      <subfield code="d">2016-12-08</subfield>
      <subfield code="a">Daat : Seper ʾEyliymah rabatiy (caractères hébreux ici translittérés selon la norme ISO 259.2, 1995)</subfield>
      <subfield code="u">http://www.daat.ac.il/</subfield>
      <subfield code="d">2016-12-08</subfield>
      <subfield code="a">Encyclopedia judaïca, 2007 (sous : Cordovero, Moses ben Jacob) : Elimah Rabbati</subfield>
      <subfield code="u">http://go.galegroup.com</subfield>
      <subfield code="d">2016-12-05</subfield>
    </datafield>
    <datafield tag="610" ind1=" " ind2=" ">
      <subfield code="a">BnF Service hébreu, 2015-09-17</subfield>
    </datafield>
    <datafield tag="624" ind1=" " ind2=" ">
      <subfield code="a">200</subfield>
    </datafield>
  </record>
  <record>
    <leader>01035c1 as22000272  45  </leader>
    <controlfield tag="001">FRBNF177776754</controlfield>
    <controlfield tag="003">http://catalogue.bnf.fr/ark:/12148/cb177776751</controlfield>
    <controlfield tag="008">181127181204xxlat           14..                             1   </controlfield>
    <datafield tag="043" ind1=" " ind2=" ">
      <subfield code="o">te</subfield>
    </datafield>
    <datafield tag="145" ind1="0" ind2="6">
      <subfield code="w">.1..b.fre.</subfield>
      <subfield code="a">Méditations de saint Augustin</subfield>
    </datafield>
    <datafield tag="145" ind1="0" ind2="6">
      <subfield code="w">.0..b.lat.</subfield>
      <subfield code="a">Meditationes sancti Augustini</subfield>
    </datafield>
    <datafield tag="321" ind1=" " ind2=" ">
      <subfield code="r">Attribué, à tort, à</subfield>
      <subfield code="3">11889551</subfield>
      <subfield code="9">100</subfield>
      <subfield code="w">.1. b.fre.</subfield>
      <subfield code="a">Augustin</subfield>
      <subfield code="d">0354-0430</subfield>
      <subfield code="e">saint</subfield>
    </datafield>
    <datafield tag="445" ind1="0" ind2="6">
      <subfield code="w">....b.lat.</subfield>
      <subfield code="a">Liber meditationum</subfield>
    </datafield>
    <datafield tag="445" ind1="0" ind2="6">
      <subfield code="w">....b.lat.</subfield>
      <subfield code="a">Meditationum liber</subfield>
    </datafield>
    <datafield tag="445" ind1="0" ind2="6">
      <subfield code="w">....b.lat.</subfield>
      <subfield code="a">Meditationum liber unus</subfield>
    </datafield>
    <datafield tag="600" ind1=" " ind2=" ">
      <subfield code="a">Ouvrage de piété d'inspiration augustinienne, vraisemblablement composé au 15e siècle, et empruntant largement aux "Supputationes" de Jean de Fécamp (099?-1078). Peut-être l'oeuvre d'augustins italiens</subfield>
    </datafield>
    <datafield tag="600" ind1=" " ind2=" ">
      <subfield code="a">En 41 chapitres</subfield>
      <subfield code="a">Incipit : "Domine Deus meus da cordi meo"</subfield>
    </datafield>
    <datafield tag="610" ind1=" " ind2=" ">
      <subfield code="a">Dizionario delle opere classiche  / V. Volpi, 1994 : Meditationes</subfield>
      <subfield code="a">Dict. spiritualité : Méditations ; Meditationes</subfield>
    </datafield>
    <datafield tag="610" ind1=" " ind2=" ">
      <subfield code="a">Initiation aux Pères de l'Église. 4, Les Pères latins / J. Quasten, 1987 : Meditationum liber</subfield>
      <subfield code="a">Migne PL, t. 40, col. 901-942 : Meditationum liber unus ; Liber meditationum</subfield>
    </datafield>
    <datafield tag="610" ind1=" " ind2=" ">
      <subfield code="a">BN Cat. gén. : Meditationes</subfield>
    </datafield>
  </record>