
  <record>
    <leader>00868c1 as22000272  45  </leader>
    <controlfield tag="001">FRBNF155850579</controlfield>
    <controlfield tag="003">http://catalogue.bnf.fr/ark:/12148/cb15585057j</controlfield>
    <controlfield tag="008">071128071204yylat           038.                             1   </controlfield>
    <datafield tag="043" ind1=" " ind2=" ">
      <subfield code="o">te</subfield>
    </datafield>
    <datafield tag="100" ind1=" " ind2=" ">
      <subfield code="3">11888642</subfield>
      <subfield code="1">ISNI0000000121452186</subfield>
      <subfield code="w">.1..b.fre.</subfield>
      <subfield code="a">Ambroise</subfield>
      <subfield code="d">0340?-0397</subfield>
      <subfield code="e">saint</subfield>
    </datafield>
    <datafield tag="145" ind1="1" ind2="6">
      <subfield code="w">.1..b.fre.</subfield>
      <subfield code="a">Apologie de David</subfield>
    </datafield>
    <datafield tag="145" ind1="1" ind2="6">
      <subfield code="w">.0..b.lat.</subfield>
      <subfield code="a">De apologia prophetae David</subfield>
    </datafield>
    <datafield tag="445" ind1="1" ind2="6">
      <subfield code="w">....b.fre.</subfield>
      <subfield code="a">Apologie du prophète David</subfield>
    </datafield>
    <datafield tag="445" ind1="1" ind2="6">
      <subfield code="w">....b.lat.</subfield>
      <subfield code="a">De apologia prophetae David</subfield>
    </datafield>
    <datafield tag="445" ind1="1" ind2="6">
      <subfield code="w">....b.lat.</subfield>
      <subfield code="a">Apologia prophetae David ad Theodosium Augustum</subfield>
    </datafield>
    <datafield tag="600" ind1=" " ind2=" ">
      <subfield code="a">Homélie exégétique</subfield>
    </datafield>
    <datafield tag="610" ind1=" " ind2=" ">
      <subfield code="a">Sources chrét., 1997 : forme française retenue</subfield>
      <subfield code="a">DOC / V. Volpi, 1994 (sous : Ambrosius Mediolanensis) : forme latine retenue</subfield>
    </datafield>
    <datafield tag="610" ind1=" " ind2=" ">
      <subfield code="a">Catholicisme (sous : Ambroise, saint, évêque de Milan) : Apologie du prophète David</subfield>
      <subfield code="a">Initiation aux Pères de l'Eglise. Vol. IV, Les Pères latins / Johannes Quasten, 1987, p. 222 : De apologia prophetae David</subfield>
      <subfield code="a">DTC (sous : Ambroise, saint) : Apologia prophetae David</subfield>
    </datafield>
  </record>