
  <record>
    <leader>02178c1 as22000272  45  </leader>
    <controlfield tag="001">FRBNF135360984</controlfield>
    <controlfield tag="003">http://catalogue.bnf.fr/ark:/12148/cb135360982</controlfield>
    <controlfield tag="008">991203130514yyita           1378                             010 </controlfield>
    <datafield tag="043" ind1=" " ind2=" ">
      <subfield code="o">te</subfield>
    </datafield>
    <datafield tag="100" ind1=" " ind2=" ">
      <subfield code="3">11895548</subfield>
      <subfield code="1">ISNI0000000120966249</subfield>
      <subfield code="w"> 1 4b.fre.</subfield>
      <subfield code="a">Catherine de Sienne</subfield>
      <subfield code="d">1347-1380</subfield>
      <subfield code="e">sainte</subfield>
    </datafield>
    <datafield tag="145" ind1="1" ind2="6">
      <subfield code="w">.0..b.ita.</subfield>
      <subfield code="a">Il dialogo della divina provvidenza</subfield>
    </datafield>
    <datafield tag="445" ind1="1" ind2="6">
      <subfield code="w">....b.ita.</subfield>
      <subfield code="a">Il dialogo</subfield>
    </datafield>
    <datafield tag="445" ind1="1" ind2="6">
      <subfield code="w">....b.ita.</subfield>
      <subfield code="a">Libro</subfield>
    </datafield>
    <datafield tag="445" ind1="1" ind2="6">
      <subfield code="w">....b.ita.</subfield>
      <subfield code="a">Libro della divina dottrina</subfield>
    </datafield>
    <datafield tag="445" ind1="1" ind2="6">
      <subfield code="w">....b.ita.</subfield>
      <subfield code="a">Il trattato</subfield>
    </datafield>
    <datafield tag="445" ind1="1" ind2="6">
      <subfield code="w">....b.eng.</subfield>
      <subfield code="a">Book of divine providence</subfield>
    </datafield>
    <datafield tag="445" ind1="1" ind2="6">
      <subfield code="w">....b.eng.</subfield>
      <subfield code="a">Dialogue of divine providence</subfield>
    </datafield>
    <datafield tag="445" ind1="1" ind2="6">
      <subfield code="w">....b.fre.</subfield>
      <subfield code="a">De la doctrine divine</subfield>
    </datafield>
    <datafield tag="445" ind1="1" ind2="6">
      <subfield code="w">....b.fre.</subfield>
      <subfield code="a">(De la) doctrine divine</subfield>
    </datafield>
    <datafield tag="445" ind1="1" ind2="6">
      <subfield code="w">....b.fre.</subfield>
      <subfield code="a">Le dialogue</subfield>
    </datafield>
    <datafield tag="445" ind1="1" ind2="6">
      <subfield code="w">....b.fre.</subfield>
      <subfield code="a">Dialogue de la divine doctrine</subfield>
    </datafield>
    <datafield tag="445" ind1="1" ind2="6">
      <subfield code="w">....b.fre.</subfield>
      <subfield code="a">Dialogue de la divine doctrine et de la divine providence</subfield>
    </datafield>
    <datafield tag="445" ind1="1" ind2="6">
      <subfield code="w">....b.fre.</subfield>
      <subfield code="a">Dialogue de la divine providence</subfield>
    </datafield>
    <datafield tag="445" ind1="1" ind2="6">
      <subfield code="w">....b.fre.</subfield>
      <subfield code="a">Livre de la divine doctrine</subfield>
    </datafield>
    <datafield tag="445" ind1="1" ind2="6">
      <subfield code="w">....b.fre.</subfield>
      <subfield code="a">Livre de la divine providence</subfield>
    </datafield>
    <datafield tag="445" ind1="1" ind2="6">
      <subfield code="w">....b.fre.</subfield>
      <subfield code="a">Livre de la divine révélation</subfield>
    </datafield>
    <datafield tag="600" ind1=" " ind2=" ">
      <subfield code="a">Ouvrage de spiritualité en 167 chapitres, présenté sous forme de dialogue et dicté en 1378</subfield>
      <subfield code="a">Éd. princeps : Bologne, 1472</subfield>
    </datafield>
    <datafield tag="610" ind1=" " ind2=" ">
      <subfield code="a">Encicl. italiana (sous : Caterina da Siena) : forme retenue</subfield>
    </datafield>
    <datafield tag="610" ind1=" " ind2=" ">
      <subfield code="a">Lexikon des Mittelalters (sous : Katharina von Siena) : Dialogo</subfield>
      <subfield code="a">Biogr., Italie, 1979 (sous : Caterina da Siena) : Il libro</subfield>
      <subfield code="a">Biographisch-Bibliographisches Kirchenlexikon (sous : Katharina von Siena) : Libro della divina dottrina</subfield>
      <subfield code="u">http://www.bautz.de/bbk</subfield>
      <subfield code="d">2004-10-29</subfield>
      <subfield code="a">Dictionary of the middle ages (sous : Dominicans. Dominican mystics) : Dialogue of divine providence</subfield>
      <subfield code="a">GDEL (sous : Catherine de Sienne) : De la doctrine divine</subfield>
      <subfield code="a">Laffont Bompiani, Oeuvres, 1987 : Le dialogue</subfield>
      <subfield code="a">Van Tieghem, 1984 (sous : Catherine de Sienne) : Dialogue de la divine doctrine et de la divine providence</subfield>
      <subfield code="a">Dictionnaire historique de la papauté / sous la dir. de Philippe Levillain (sous : Catherine de Sienne) : Dialogue de la divine providence</subfield>
    </datafield>
    <datafield tag="612" ind1=" " ind2=" ">
      <subfield code="a">BN Cat. gén (sous : Catherine de Sienne) : pas de titre de classement</subfield>
      <subfield code="a">BN. Cat. gén., 1960-1969 (sous : Caterina da Siena, sainte) : pas de titre de classement</subfield>
    </datafield>
    <datafield tag="624" ind1=" " ind2=" ">
      <subfield code="a">200</subfield>
    </datafield>
    <datafield tag="907" ind1=" " ind2=" ">
      <subfield code="o">GEA</subfield>
      <subfield code="a">00875749X</subfield>
    </datafield>
    <datafield tag="917" ind1=" " ind2=" ">
      <subfield code="o">OPL</subfield>
      <subfield code="a">014702782</subfield>
    </datafield>
  </record>