
  <record>
    <leader>00434c1 as22000272  45  </leader>
    <controlfield tag="001">FRBNF16249180X</controlfield>
    <controlfield tag="003">http://catalogue.bnf.fr/ark:/12148/cb162491803</controlfield>
    <controlfield tag="008">101208101208yylat           1252                             010 </controlfield>
    <datafield tag="043" ind1=" " ind2=" ">
      <subfield code="o">te</subfield>
    </datafield>
    <datafield tag="100" ind1=" " ind2=" ">
      <subfield code="3">11896677</subfield>
      <subfield code="1">ISNI0000000121199141</subfield>
      <subfield code="w"> 1  b.fre.</subfield>
      <subfield code="a">Claire d'Assise</subfield>
      <subfield code="d">1194?-1253</subfield>
      <subfield code="e">sainte</subfield>
    </datafield>
    <datafield tag="145" ind1="1" ind2="6">
      <subfield code="w">.0..b.lat.</subfield>
      <subfield code="a">Testamentum</subfield>
    </datafield>
    <datafield tag="445" ind1="1" ind2="6">
      <subfield code="w">....b.fre.</subfield>
      <subfield code="a">Testament</subfield>
    </datafield>
    <datafield tag="445" ind1="1" ind2="6">
      <subfield code="w">....b.ita.</subfield>
      <subfield code="a">Testamento</subfield>
    </datafield>
    <datafield tag="600" ind1=" " ind2=" ">
      <subfield code="a">Testament spirituel</subfield>
    </datafield>
    <datafield tag="610" ind1=" " ind2=" ">
      <subfield code="a">Fontes franciscani, 1995, p. 2309 : forme retenue</subfield>
    </datafield>
    <datafield tag="610" ind1=" " ind2=" ">
      <subfield code="a">DHGE (sous : Claire d'Assise, sainte) : "testament"</subfield>
    </datafield>
    <datafield tag="624" ind1=" " ind2=" ">
      <subfield code="a">200</subfield>
    </datafield>
  </record>