
  <record>
    <leader>00458c0 as22000272  45  </leader>
    <controlfield tag="001">FRBNF131973438</controlfield>
    <controlfield tag="003">http://catalogue.bnf.fr/ark:/12148/cb13197343d</controlfield>
    <controlfield tag="008">841123110901yyeng           16..                             210 </controlfield>
    <datafield tag="043" ind1=" " ind2=" ">
      <subfield code="o">te</subfield>
    </datafield>
    <datafield tag="100" ind1=" " ind2=" ">
      <subfield code="3">11985446</subfield>
      <subfield code="1">ISNI0000000122785193</subfield>
      <subfield code="w">.0..b.....</subfield>
      <subfield code="a">Dee</subfield>
      <subfield code="m">John</subfield>
      <subfield code="d">1527-1609</subfield>
    </datafield>
    <datafield tag="145" ind1="1" ind2="6">
      <subfield code="w">.0..b.eng.</subfield>
      <subfield code="a">A true and faitful relation of what passed for many yeers between Dr. John Dee and some spirits</subfield>
    </datafield>
    <datafield tag="600" ind1=" " ind2=" ">
      <subfield code="a">Récits de séances de spiritisme, publiés en 1659 après la mort de l'auteur</subfield>
    </datafield>
    <datafield tag="610" ind1=" " ind2=" ">
      <subfield code="a">DNB (sous : Dee, John)</subfield>
    </datafield>
    <datafield tag="624" ind1=" " ind2=" ">
      <subfield code="a">130</subfield>
    </datafield>
    <datafield tag="907" ind1=" " ind2=" ">
      <subfield code="o">GEA</subfield>
      <subfield code="a">000979513</subfield>
    </datafield>
    <datafield tag="917" ind1=" " ind2=" ">
      <subfield code="o">OPL</subfield>
      <subfield code="a">002003707</subfield>
    </datafield>
  </record>