
  <record>
    <leader>00303n1 as2200027   45  </leader>
    <controlfield tag="001">FRBNF169041580</controlfield>
    <controlfield tag="003">http://catalogue.bnf.fr/ark:/12148/cb169041583</controlfield>
    <controlfield tag="008">140814      yyfre           1910                             010 </controlfield>
    <datafield tag="043" ind1=" " ind2=" ">
      <subfield code="o">te</subfield>
    </datafield>
    <datafield tag="100" ind1=" " ind2=" ">
      <subfield code="3">11911504</subfield>
      <subfield code="1">ISNI0000000121006485</subfield>
      <subfield code="w">.0..b.....</subfield>
      <subfield code="a">Le Bon</subfield>
      <subfield code="m">Gustave</subfield>
      <subfield code="d">1841-1931</subfield>
    </datafield>
    <datafield tag="145" ind1="1" ind2="6">
      <subfield code="w">.0..b.fre.</subfield>
      <subfield code="a">La psychologie politique</subfield>
    </datafield>
    <datafield tag="600" ind1=" " ind2=" ">
      <subfield code="a">Traité de psychologie</subfield>
    </datafield>
    <datafield tag="610" ind1=" " ind2=" ">
      <subfield code="a">GDEL (sous : Le Bon, Gustave)</subfield>
    </datafield>
    <datafield tag="624" ind1=" " ind2=" ">
      <subfield code="a">150</subfield>
    </datafield>
  </record>