
  <record>
    <leader>00422c0 as2200027   45  </leader>
    <controlfield tag="001">FRBNF135177424</controlfield>
    <controlfield tag="003">http://catalogue.bnf.fr/ark:/12148/cb135177426</controlfield>
    <controlfield tag="008">981130070713yyfre           1981                             010 </controlfield>
    <datafield tag="043" ind1=" " ind2=" ">
      <subfield code="o">te</subfield>
    </datafield>
    <datafield tag="100" ind1=" " ind2=" ">
      <subfield code="3">11899206</subfield>
      <subfield code="1">ISNI0000000033316862</subfield>
      <subfield code="w">.0..b.....</subfield>
      <subfield code="a">Delange</subfield>
      <subfield code="m">Yves</subfield>
      <subfield code="d">1926-....</subfield>
    </datafield>
    <datafield tag="145" ind1="1" ind2="6">
      <subfield code="w">.0..b.fre.</subfield>
      <subfield code="a">Jean-Henri Fabre, l'homme qui aimait les insectes</subfield>
    </datafield>
    <datafield tag="600" ind1=" " ind2=" ">
      <subfield code="a">Biographie scientifique</subfield>
    </datafield>
    <datafield tag="610" ind1=" " ind2=" ">
      <subfield code="a">Probable, possible ou certain [images animées] / Bernard Pivot interviewer, 1981</subfield>
    </datafield>
    <datafield tag="624" ind1=" " ind2=" ">
      <subfield code="a">590</subfield>
    </datafield>
    <datafield tag="907" ind1=" " ind2=" ">
      <subfield code="o">GEA</subfield>
      <subfield code="a">008844478</subfield>
    </datafield>
    <datafield tag="917" ind1=" " ind2=" ">
      <subfield code="o">OPL</subfield>
      <subfield code="a">014153611</subfield>
    </datafield>
  </record>