
  <record>
    <leader>00781c1 as2200027   45  </leader>
    <controlfield tag="001">FRBNF177766137</controlfield>
    <controlfield tag="003">http://catalogue.bnf.fr/ark:/12148/cb177766137</controlfield>
    <controlfield tag="008">181121190228yyfre           20030320                         210 </controlfield>
    <datafield tag="043" ind1=" " ind2=" ">
      <subfield code="o">te</subfield>
    </datafield>
    <datafield tag="110" ind1=" " ind2=" ">
      <subfield code="3">11865278</subfield>
      <subfield code="1">ISNI000000012114268X</subfield>
      <subfield code="w">20..b.....</subfield>
      <subfield code="a">Paris</subfield>
    </datafield>
    <datafield tag="145" ind1="3" ind2="6">
      <subfield code="w">.0..b.fre.</subfield>
      <subfield code="a">Charte de Paris avec les opérateurs relative aux antennes relais de téléphonie mobile</subfield>
    </datafield>
    <datafield tag="600" ind1=" " ind2=" ">
      <subfield code="a">Charte relative à la téléphonie mobile prise entre la ville de Paris et la société Bouygues Télécom,  la société française de radiotéléphonie-SFR, la société Orange France SA et la société Free Mobile</subfield>
    </datafield>
    <datafield tag="609" ind1=" " ind2=" ">
      <subfield code="r">sig0</subfield>
      <subfield code="d">2003-03-20</subfield>
    </datafield>
    <datafield tag="609" ind1=" " ind2=" ">
      <subfield code="r">rev0</subfield>
      <subfield code="d">2005-01</subfield>
    </datafield>
    <datafield tag="610" ind1=" " ind2=" ">
      <subfield code="a">Site de la Ville de Paris</subfield>
      <subfield code="u">https://api-site-cdn.paris.fr/images/91022</subfield>
      <subfield code="d">2018-11-21</subfield>
    </datafield>
    <datafield tag="624" ind1=" " ind2=" ">
      <subfield code="a">600</subfield>
    </datafield>
    <datafield tag="631" ind1=" " ind2=" ">
      <subfield code="a">source : BnF, Paris, Département de l'Audiovisuel, DONAUD1306. [2001-2014 : Bertrand Delanoë maire de Paris, Débat sur la téléphonie mobile à Paris] (2005)</subfield>
    </datafield>
  </record>