
  <record>
    <leader>00325c0 as22000272  45  </leader>
    <controlfield tag="001">FRBNF121288119</controlfield>
    <controlfield tag="003">http://catalogue.bnf.fr/ark:/12148/cb12128811t</controlfield>
    <controlfield tag="008">891030210413yyfre           1973                             010 </controlfield>
    <datafield tag="043" ind1=" " ind2=" ">
      <subfield code="o">te</subfield>
    </datafield>
    <datafield tag="100" ind1=" " ind2=" ">
      <subfield code="3">12027580</subfield>
      <subfield code="1">ISNI0000000110278792</subfield>
      <subfield code="w">.0..b.....</subfield>
      <subfield code="a">Wyczynski</subfield>
      <subfield code="m">Paul</subfield>
      <subfield code="d">1921-2008</subfield>
    </datafield>
    <datafield tag="145" ind1="1" ind2="6">
      <subfield code="w">.0..b.fre.</subfield>
      <subfield code="a">Bibliographie descriptive et critique d'Émile Nelligan</subfield>
    </datafield>
    <datafield tag="609" ind1=" " ind2=" ">
      <subfield code="r">edi1</subfield>
      <subfield code="a">Ottawa</subfield>
      <subfield code="d">1979</subfield>
    </datafield>
    <datafield tag="907" ind1=" " ind2=" ">
      <subfield code="o">GEA</subfield>
      <subfield code="a">00245180X</subfield>
    </datafield>
    <datafield tag="917" ind1=" " ind2=" ">
      <subfield code="o">OPL</subfield>
      <subfield code="a">004790588</subfield>
    </datafield>
  </record>