
  <record>
    <leader>00607n1 as22000272  45  </leader>
    <controlfield tag="001">FRBNF155985609</controlfield>
    <controlfield tag="003">http://catalogue.bnf.fr/ark:/12148/cb15598560r</controlfield>
    <controlfield tag="008">080124      yyara                                            010 </controlfield>
    <datafield tag="043" ind1=" " ind2=" ">
      <subfield code="o">te</subfield>
    </datafield>
    <datafield tag="100" ind1=" " ind2=" ">
      <subfield code="3">13483848</subfield>
      <subfield code="1">ISNI000000011880147X</subfield>
      <subfield code="w">.0..baara.</subfield>
      <subfield code="a">Ibn al-Nadīm</subfield>
      <subfield code="m">Muḥammad ibn Isḥāq</subfield>
      <subfield code="d">09..?-0987?</subfield>
    </datafield>
    <datafield tag="145" ind1="1" ind2="6">
      <subfield code="w">.0..bbara.</subfield>
      <subfield code="a">Kitāb al-fihrist</subfield>
    </datafield>
    <datafield tag="145" ind1="1" ind2="6">
      <subfield code="w">.0..f.ara.</subfield>
      <subfield code="a">كتاب الفهرست</subfield>
    </datafield>
    <datafield tag="445" ind1="1" ind2="6">
      <subfield code="w">....bbara.</subfield>
      <subfield code="a">Al-Fihrist</subfield>
    </datafield>
    <datafield tag="445" ind1="1" ind2="6">
      <subfield code="w">....f.ara.</subfield>
      <subfield code="a">الفهرست</subfield>
    </datafield>
    <datafield tag="600" ind1=" " ind2=" ">
      <subfield code="a">Bibliographie d'ouvrages arabes</subfield>
    </datafield>
    <datafield tag="610" ind1=" " ind2=" ">
      <subfield code="a">Ibn an-Nadīm Kitāb al-Fihrist : texts and studies / collected and reprinted by Fuat Sezgin, 2005</subfield>
    </datafield>
    <datafield tag="610" ind1=" " ind2=" ">
      <subfield code="a">BnF Service arabe</subfield>
    </datafield>
    <datafield tag="624" ind1=" " ind2=" ">
      <subfield code="a">020</subfield>
    </datafield>
  </record>