
  <record>
    <leader>01175c0 as2200027   45  </leader>
    <controlfield tag="001">FRBNF124850136</controlfield>
    <controlfield tag="003">http://catalogue.bnf.fr/ark:/12148/cb12485013b</controlfield>
    <controlfield tag="008">951006161005yyfre           1783      1817                   010 </controlfield>
    <datafield tag="043" ind1=" " ind2=" ">
      <subfield code="o">te</subfield>
    </datafield>
    <datafield tag="100" ind1=" " ind2=" ">
      <subfield code="3">12000651</subfield>
      <subfield code="1">ISNI0000000121296742</subfield>
      <subfield code="w">.0..b.....</subfield>
      <subfield code="a">Lamarck</subfield>
      <subfield code="m">Jean-Baptiste de Monet de</subfield>
      <subfield code="d">1744-1829</subfield>
    </datafield>
    <datafield tag="100" ind1=" " ind2=" ">
      <subfield code="3">11920122</subfield>
      <subfield code="1">ISNI0000000081080727</subfield>
      <subfield code="w">.0..b.....</subfield>
      <subfield code="a">Poiret</subfield>
      <subfield code="m">Jean-Louis-Marie</subfield>
      <subfield code="d">1755-1834</subfield>
    </datafield>
    <datafield tag="145" ind1="2" ind2="6">
      <subfield code="w">.0..b.fre.</subfield>
      <subfield code="a">Encyclopédie botanique</subfield>
    </datafield>
    <datafield tag="445" ind1="2" ind2="6">
      <subfield code="w">....b.fre.</subfield>
      <subfield code="a">Botanique</subfield>
    </datafield>
    <datafield tag="445" ind1="2" ind2="6">
      <subfield code="w">....b.fre.</subfield>
      <subfield code="a">Dictionnaire de botanique</subfield>
    </datafield>
    <datafield tag="445" ind1="2" ind2="6">
      <subfield code="w">....b.fre.</subfield>
      <subfield code="a">Dictionnaire encyclopédique de botanique</subfield>
    </datafield>
    <datafield tag="460" ind1=" " ind2=" ">
      <subfield code="w">....b.....</subfield>
      <subfield code="a">Poiret</subfield>
      <subfield code="m">Jean-Louis-Marie</subfield>
      <subfield code="d">1755-1834</subfield>
      <subfield code="t">Encyclopédie botanique</subfield>
    </datafield>
    <datafield tag="600" ind1=" " ind2=" ">
      <subfield code="a">Encyclopédie de botanique continuée par Jean-Louis-Marie Poiret</subfield>
    </datafield>
    <datafield tag="610" ind1=" " ind2=" ">
      <subfield code="a">Inventeurs et scientifiques : dictionnaire de biographies, 1994 (sous : Lamarck, Jean-Baptiste de Monet de) : forme retenue</subfield>
    </datafield>
    <datafield tag="610" ind1=" " ind2=" ">
      <subfield code="a">GLU (sous : Lamarck, Jean-Baptiste) : Encyclopédie botanique</subfield>
      <subfield code="a">DBF (sous : Lamarck, Jean-Baptiste) : Dictionnaire de botanique</subfield>
    </datafield>
    <datafield tag="612" ind1=" " ind2=" ">
      <subfield code="a">Encycl. universalis, 1985</subfield>
      <subfield code="a">Dictionnaire biographique des scientifiques / Georges Salentiny, 2003</subfield>
    </datafield>
    <datafield tag="612" ind1=" " ind2=" ">
      <subfield code="a">BN Cat. gén. (sous : Lamarck, Jean-Baptiste-Pierre-Antoine de Monet de) : pas de titre de classement</subfield>
    </datafield>
    <datafield tag="624" ind1=" " ind2=" ">
      <subfield code="a">580</subfield>
    </datafield>
    <datafield tag="907" ind1=" " ind2=" ">
      <subfield code="o">GEA</subfield>
      <subfield code="a">006330161</subfield>
    </datafield>
    <datafield tag="917" ind1=" " ind2=" ">
      <subfield code="o">OPL</subfield>
      <subfield code="a">011732037</subfield>
    </datafield>
    <datafield tag="917" ind1=" " ind2=" ">
      <subfield code="o">OPL</subfield>
      <subfield code="a">011732044</subfield>
    </datafield>
    <datafield tag="996" ind1=" " ind2=" ">
      <subfield code="o">OPP</subfield>
      <subfield code="a">12485014</subfield>
      <subfield code="d">20161005</subfield>
    </datafield>
  </record>