
  <record>
    <leader>00406c1 as2200027   45  </leader>
    <controlfield tag="001">FRBNF135176169</controlfield>
    <controlfield tag="003">http://catalogue.bnf.fr/ark:/12148/cb13517616c</controlfield>
    <controlfield tag="008">981109060711yyfre           1974                             010 </controlfield>
    <datafield tag="043" ind1=" " ind2=" ">
      <subfield code="o">te</subfield>
    </datafield>
    <datafield tag="100" ind1=" " ind2=" ">
      <subfield code="3">13541831</subfield>
      <subfield code="1">ISNI000000000892986X</subfield>
      <subfield code="w">.0 .b.....</subfield>
      <subfield code="a">Pinel</subfield>
      <subfield code="m">Marie-Hélène</subfield>
    </datafield>
    <datafield tag="145" ind1="1" ind2="6">
      <subfield code="w">.0..b.fre.</subfield>
      <subfield code="a">La première ville nouvelle</subfield>
    </datafield>
    <datafield tag="600" ind1=" " ind2=" ">
      <subfield code="a">Enquête sociologique sur la ville de Sarcelles</subfield>
    </datafield>
    <datafield tag="610" ind1=" " ind2=" ">
      <subfield code="a">Ouvrez les guillemets [images animées]. Émission du 25 novembre 1974</subfield>
    </datafield>
    <datafield tag="624" ind1=" " ind2=" ">
      <subfield code="a">300</subfield>
    </datafield>
    <datafield tag="907" ind1=" " ind2=" ">
      <subfield code="o">GEA</subfield>
      <subfield code="a">008844332</subfield>
    </datafield>
    <datafield tag="917" ind1=" " ind2=" ">
      <subfield code="o">OPL</subfield>
      <subfield code="a">014118592</subfield>
    </datafield>
  </record>