
  <record>
    <leader>01254c1 as22000272  45  </leader>
    <controlfield tag="001">FRBNF160615796</controlfield>
    <controlfield tag="003">http://catalogue.bnf.fr/ark:/12148/cb160615794</controlfield>
    <controlfield tag="008">090619100701yylat           0969                             1   </controlfield>
    <datafield tag="043" ind1=" " ind2=" ">
      <subfield code="o">te</subfield>
    </datafield>
    <datafield tag="100" ind1=" " ind2=" ">
      <subfield code="3">14418644</subfield>
      <subfield code="1">ISNI0000000382653824</subfield>
      <subfield code="w">.1..b.fre.</subfield>
      <subfield code="a">Aynard de Saint-Evre</subfield>
    </datafield>
    <datafield tag="145" ind1="1" ind2="6">
      <subfield code="w">.0..b.lat.</subfield>
      <subfield code="a">Glossarium ordine elementorum adgregatum</subfield>
    </datafield>
    <datafield tag="445" ind1="1" ind2="6">
      <subfield code="w">....b.lat.</subfield>
      <subfield code="a">Glosarium Aynardi</subfield>
    </datafield>
    <datafield tag="445" ind1="1" ind2="6">
      <subfield code="w">....b.lat.</subfield>
      <subfield code="a">Glosarium ordine elementorum agregatum</subfield>
    </datafield>
    <datafield tag="445" ind1="1" ind2="6">
      <subfield code="w">....b.ita.</subfield>
      <subfield code="a">Glossario</subfield>
    </datafield>
    <datafield tag="600" ind1=" " ind2=" ">
      <subfield code="a">Glossaire alphabétique, ayant pour source essentielle un "Liber glossarum" du IXe s. sans doute écrit à Corbie</subfield>
      <subfield code="a">Ms : Bibliothèque municipale, Metz (Ms 500, fin Xe-début XIe s., détruit en 1944) ; Thüringer Universitäts-und Landesbibliothek, Iéna (Nachlaß Goetz, Mappae 8a, copie par Gustav Loewe, 1879)</subfield>
    </datafield>
    <datafield tag="610" ind1=" " ind2=" ">
      <subfield code="a">Clavis des auteurs latins du Moyen âge (sous : Aynardus Sancti Apri Tullensis mon.) : forme latine retenue</subfield>
    </datafield>
    <datafield tag="610" ind1=" " ind2=" ">
      <subfield code="a">Glossario / Ainardi, 2000, p. XIII : Glosarium ordine elementorum agregatum ; p. XVIII, Glosarium Aynardi</subfield>
    </datafield>
    <datafield tag="612" ind1=" " ind2=" ">
      <subfield code="a">DOC / V. Volpi, 1994 (sous : Aynardus s. Apri Tullensis) : Fragmenta. Excerpta ex glossis</subfield>
      <subfield code="a">Chevalier (sous : Ainard, glossateur à Toul 969)</subfield>
    </datafield>
    <datafield tag="612" ind1=" " ind2=" ">
      <subfield code="a">Lexikon des Mittelalters</subfield>
      <subfield code="a">DHGE</subfield>
      <subfield code="a">DTC</subfield>
      <subfield code="a">Dict. spiritualité</subfield>
    </datafield>
  </record>
  <record>
    <leader>00813c1 at22000272  45  </leader>
    <controlfield tag="001">FRBNF144223073</controlfield>
    <controlfield tag="003">http://catalogue.bnf.fr/ark:/12148/cb14422307j</controlfield>
    <controlfield tag="008">020829111107oolat                                            1   </controlfield>
    <datafield tag="040" ind1=" " ind2=" ">
      <subfield code="b">xdhh</subfield>
    </datafield>
    <datafield tag="141" ind1=" " ind2=" ">
      <subfield code="w">.0..b.ger.</subfield>
      <subfield code="a">Die Münchner Weltchronik</subfield>
    </datafield>
    <datafield tag="301" ind1=" " ind2=" ">
      <subfield code="3">13606029</subfield>
      <subfield code="w">.0..b.lat.</subfield>
      <subfield code="a">Flores temporum</subfield>
    </datafield>
    <datafield tag="600" ind1=" " ind2=" ">
      <subfield code="a">Chronique universelle, continuation des "Flores temporum", recouvrant la période allant de la fin du XIIIe s. à la fin du XIVe s.</subfield>
      <subfield code="a">Incipit : "Rudolfus secundus anno Domini MCCLXXIIII, regnavit annis genere Almannus..."</subfield>
      <subfield code="a">Ms : Österreichische Nationalbibliothek, Vienne (Cod. 3332, 2e moitié du XVe s.)</subfield>
    </datafield>
    <datafield tag="610" ind1=" " ind2=" ">
      <subfield code="a">Chronisten als Zeitzeugen : Forschungen zur spätmittelalterlichen Geschichtsschreibung in Deutschland / von Rolf Sprandel, 1994</subfield>
    </datafield>
    <datafield tag="612" ind1=" " ind2=" ">
      <subfield code="a">IFLA Anonymous classics, 2004</subfield>
    </datafield>
    <datafield tag="612" ind1=" " ind2=" ">
      <subfield code="a">Kosch</subfield>
      <subfield code="a">Stammler, 1978</subfield>
    </datafield>
    <datafield tag="612" ind1=" " ind2=" ">
      <subfield code="a">BN Cat. gén. 1960-1969</subfield>
    </datafield>
    <datafield tag="907" ind1=" " ind2=" ">
      <subfield code="o">GEA</subfield>
      <subfield code="a">009229527</subfield>
    </datafield>
    <datafield tag="917" ind1=" " ind2=" ">
      <subfield code="o">OPL</subfield>
      <subfield code="a">015206700</subfield>
    </datafield>
  </record>
  <record>
    <leader>00810c1 as22000272  45  </leader>
    <controlfield tag="001">FRBNF156085655</controlfield>
    <controlfield tag="003">http://catalogue.bnf.fr/ark:/12148/cb15608565s</controlfield>
    <controlfield tag="008">080229100614xxlat                                            1   </controlfield>
    <datafield tag="043" ind1=" " ind2=" ">
      <subfield code="o">te</subfield>
    </datafield>
    <datafield tag="145" ind1="0" ind2="6">
      <subfield code="w">.1..b.fre.</subfield>
      <subfield code="a">Sermon de Pâques</subfield>
    </datafield>
    <datafield tag="145" ind1="0" ind2="6">
      <subfield code="w">.0..b.lat.</subfield>
      <subfield code="a">Sermo Paschalis</subfield>
    </datafield>
    <datafield tag="321" ind1="1" ind2=" ">
      <subfield code="3">12521641</subfield>
      <subfield code="9">100</subfield>
      <subfield code="w">.1..b.fre.</subfield>
      <subfield code="a">Optat de Milève</subfield>
      <subfield code="d">03..-0384?</subfield>
      <subfield code="e">saint</subfield>
    </datafield>
    <datafield tag="321" ind1=" " ind2=" ">
      <subfield code="r">Attribué à tort à :</subfield>
      <subfield code="3">11889551</subfield>
      <subfield code="9">100</subfield>
      <subfield code="w">.1. b.fre.</subfield>
      <subfield code="a">Augustin</subfield>
      <subfield code="d">0354-0430</subfield>
      <subfield code="e">saint</subfield>
    </datafield>
    <datafield tag="445" ind1="0" ind2="6">
      <subfield code="w">....b.fre.</subfield>
      <subfield code="a">Homélie pour la fête de Pâques</subfield>
    </datafield>
    <datafield tag="600" ind1=" " ind2=" ">
      <subfield code="a">Sermon</subfield>
    </datafield>
    <datafield tag="610" ind1=" " ind2=" ">
      <subfield code="a">Dict. spiritualité (sous : Optat de Milève) : forme française retenue</subfield>
      <subfield code="a">DOC / V. Volpi, 1994 (sous : Optatus Milevitanus. Dubia et spuria) : forme latine retenue</subfield>
    </datafield>
    <datafield tag="612" ind1=" " ind2=" ">
      <subfield code="a">Sources chrét.</subfield>
    </datafield>
    <datafield tag="612" ind1=" " ind2=" ">
      <subfield code="a">Catholicisme</subfield>
      <subfield code="a">DTC</subfield>
      <subfield code="a">Dict. des auteurs grecs et latins de l'Antiquité et du Moyen âge / W. Buchwald, A. Hohlweg, O. Prinz, 1991</subfield>
      <subfield code="a">Encycl. universalis, 1996</subfield>
      <subfield code="a">Catholic encycl.</subfield>
    </datafield>
    <datafield tag="612" ind1=" " ind2=" ">
      <subfield code="a">BN Cat. gén.</subfield>
    </datafield>
  </record>