
  <record>
    <leader>01001c1 as2200027   45  </leader>
    <controlfield tag="001">FRBNF162056245</controlfield>
    <controlfield tag="003">http://catalogue.bnf.fr/ark:/12148/cb162056246</controlfield>
    <controlfield tag="008">100528230712yylat           1557                             010 </controlfield>
    <datafield tag="043" ind1=" " ind2=" ">
      <subfield code="o">te</subfield>
    </datafield>
    <datafield tag="100" ind1=" " ind2=" ">
      <subfield code="3">11894896</subfield>
      <subfield code="1">ISNI0000000121030063</subfield>
      <subfield code="w">.0..b.fre.</subfield>
      <subfield code="a">Calvin</subfield>
      <subfield code="m">Jean</subfield>
      <subfield code="d">1509-1564</subfield>
    </datafield>
    <datafield tag="145" ind1="1" ind2="6">
      <subfield code="w">.0..b.lat.</subfield>
      <subfield code="a">In librum Psalmorum commentarius</subfield>
    </datafield>
    <datafield tag="445" ind1="1" ind2="6">
      <subfield code="w">....b.lat.</subfield>
      <subfield code="a">Commentarii in librum Psalmorum</subfield>
    </datafield>
    <datafield tag="445" ind1="1" ind2="6">
      <subfield code="w">....b.lat.</subfield>
      <subfield code="a">Commentarius in librum Psalmorum</subfield>
    </datafield>
    <datafield tag="445" ind1="1" ind2="6">
      <subfield code="w">....b.fre.</subfield>
      <subfield code="a">Commentaire des Psaumes</subfield>
    </datafield>
    <datafield tag="445" ind1="1" ind2="6">
      <subfield code="w">....b.fre.</subfield>
      <subfield code="a">Commentaires sur le livres des Pseaumes</subfield>
    </datafield>
    <datafield tag="600" ind1=" " ind2=" ">
      <subfield code="a">Commentaire d'exégèse biblique d'abord paru en latin</subfield>
      <subfield code="a">1ère version française en 1558</subfield>
    </datafield>
    <datafield tag="610" ind1=" " ind2=" ">
      <subfield code="a">Bibliotheca Calvinania, 1991-, p. 627 : forme retenue</subfield>
    </datafield>
    <datafield tag="610" ind1=" " ind2=" ">
      <subfield code="a">Encycl. universalis (sous : Calvin, Jean) : Commentaire des Psaumes</subfield>
      <subfield code="u">http://www.universalis-edu.com/</subfield>
      <subfield code="d">2010-03-20</subfield>
      <subfield code="a">Joannis Calvini opera omnia in novem tomos digesta. Vol. 3, Commentarii in librum Psalmorum,1671</subfield>
      <subfield code="a">Bibliographia Calviniana, 1979, p. 18 : Commentarius in librum Psalmorum ; p. 27 : Commentaires sur le livres des Pseaumes</subfield>
    </datafield>
    <datafield tag="612" ind1=" " ind2=" ">
      <subfield code="a">Encyclopédie du protestantisme, 1985 (sous : Calvin)</subfield>
    </datafield>
    <datafield tag="624" ind1=" " ind2=" ">
      <subfield code="a">200</subfield>
    </datafield>
  </record>
  <record>
    <leader>00857c1 as22000272  45  </leader>
    <controlfield tag="001">FRBNF145311124</controlfield>
    <controlfield tag="003">http://catalogue.bnf.fr/ark:/12148/cb14531112q</controlfield>
    <controlfield tag="008">040312110113xxara                                            1   </controlfield>
    <datafield tag="043" ind1=" " ind2=" ">
      <subfield code="o">te</subfield>
    </datafield>
    <datafield tag="145" ind1="0" ind2="6">
      <subfield code="w">.1..b.fre.</subfield>
      <subfield code="a">Synaxaire</subfield>
      <subfield code="e">rite maronite</subfield>
    </datafield>
    <datafield tag="145" ind1="0" ind2="6">
      <subfield code="w">.0..baara.</subfield>
      <subfield code="a">Al sinksār</subfield>
      <subfield code="e">rite maronite</subfield>
    </datafield>
    <datafield tag="445" ind1="0" ind2="6">
      <subfield code="w">....b.fre.</subfield>
      <subfield code="a">Synaxaire selon le rite de l'Église antiochienne maronite</subfield>
    </datafield>
    <datafield tag="600" ind1=" " ind2=" ">
      <subfield code="a">Livre liturgique de l'Église maronite, constitué de courtes notices hagiographiques, dans l'ordre du calendrier liturgique, pour être lues à l'office</subfield>
      <subfield code="a">Trad. du "Martyrologium Romanum" au XVIIe s., complété et adapté</subfield>
      <subfield code="a">Ms : en caractères karshuni</subfield>
    </datafield>
    <datafield tag="610" ind1=" " ind2=" ">
      <subfield code="a">Dict. de l'Orient chrétien / Julius Assfalg, Paul Krüger, 1991 (sous : Synaxaire) : forme française retenue</subfield>
      <subfield code="a">Al-sinksār : bi-ḥasab ṭaqs al-kanīsaẗ al-inṭākiyyaẗ al-mārūniyyaẗ / iʿdād wa tansīq Būlus Ḍāhir, 2002</subfield>
    </datafield>
  </record>
  <record>
    <leader>00401c1 as2200027   45  </leader>
    <controlfield tag="001">FRBNF144801641</controlfield>
    <controlfield tag="003">http://catalogue.bnf.fr/ark:/12148/cb14480164k</controlfield>
    <controlfield tag="008">030620071227frfre                                            1   </controlfield>
    <datafield tag="043" ind1=" " ind2=" ">
      <subfield code="o">te</subfield>
    </datafield>
    <datafield tag="145" ind1="0" ind2="6">
      <subfield code="w">.1..b.fre.</subfield>
      <subfield code="a">Pontifical</subfield>
      <subfield code="e">Albi</subfield>
      <subfield code="i">Rituel pour la bénédiction des cloches</subfield>
    </datafield>
    <datafield tag="600" ind1=" " ind2=" ">
      <subfield code="a">Règles de célébration et textes pour la bénédiction des cloches</subfield>
    </datafield>
    <datafield tag="610" ind1=" " ind2=" ">
      <subfield code="a">Liste des titres uniformes pour les livres liturgiques des rites latins de l'Église catholique / IFLA, 2001</subfield>
    </datafield>
  </record>
  <record>
    <leader>01106c1 at22000272  45  </leader>
    <controlfield tag="001">FRBNF157338983</controlfield>
    <controlfield tag="003">http://catalogue.bnf.fr/ark:/12148/cb157338985</controlfield>
    <controlfield tag="008">080718080719insan                                            1   </controlfield>
    <datafield tag="141" ind1=" " ind2=" ">
      <subfield code="w">.0..basan.</subfield>
      <subfield code="a">Tripiṭaka</subfield>
      <subfield code="i">Sūtrapiṭaka</subfield>
      <subfield code="i">Tantra</subfield>
      <subfield code="i">Yoginīsañcāratantra</subfield>
    </datafield>
    <datafield tag="141" ind1=" " ind2=" ">
      <subfield code="w">.0..j.san.</subfield>
      <subfield code="a">त्रिपिटक</subfield>
      <subfield code="i">सूत्रपिटक</subfield>
      <subfield code="i">तन्त्र</subfield>
      <subfield code="i">यॊगिनीसञ्चारतन्त्र</subfield>
    </datafield>
    <datafield tag="441" ind1=" " ind2=" ">
      <subfield code="w">....basan.</subfield>
      <subfield code="a">Yoginīsañcāratantra</subfield>
    </datafield>
    <datafield tag="441" ind1=" " ind2=" ">
      <subfield code="w">....bxtib.</subfield>
      <subfield code="a">Rnal ʾbyor ma kun tu spyod paʾi rgyud</subfield>
    </datafield>
    <datafield tag="502" ind1=" " ind2=" ">
      <subfield code="3">13320792</subfield>
      <subfield code="w">.0..bxsan.</subfield>
      <subfield code="a">Tripiṭaka</subfield>
      <subfield code="i">Sūtrapiṭaka</subfield>
      <subfield code="i">Tantra</subfield>
    </datafield>
    <datafield tag="600" ind1=" " ind2=" ">
      <subfield code="a">Texte du rituel bouddhique tantrique</subfield>
    </datafield>
    <datafield tag="610" ind1=" " ind2=" ">
      <subfield code="a">Yoginīsañcāratantram / sampādaka Janārdanaśāstrī Pāṇḍeyaḥ, 1998</subfield>
    </datafield>
    <datafield tag="610" ind1=" " ind2=" ">
      <subfield code="a">BnF Service indien, 2008-07-19</subfield>
    </datafield>
    <datafield tag="612" ind1=" " ind2=" ">
      <subfield code="a">IFLA, Anonymous classics, 1964</subfield>
    </datafield>
    <datafield tag="612" ind1=" " ind2=" ">
      <subfield code="a">Catl. of Sanskrit, Pali and Prakrit books / National library, Calcutta, 1973</subfield>
      <subfield code="a">L'Inde classique / par L. Renou et J. Filliozat, 1947-1953, vol. 2 § 2040</subfield>
      <subfield code="a">LC Authorities</subfield>
      <subfield code="u">http://authorities.loc.gov</subfield>
      <subfield code="d">2008-07-19</subfield>
    </datafield>
  </record>
  <record>
    <leader>01862c1 at22000272  452 </leader>
    <controlfield tag="001">FRBNF120992017</controlfield>
    <controlfield tag="003">http://catalogue.bnf.fr/ark:/12148/cb12099201c</controlfield>
    <controlfield tag="008">840420151013insan                                            010 </controlfield>
    <datafield tag="141" ind1=" " ind2=" ">
      <subfield code="w">.0..basan.</subfield>
      <subfield code="a">Brāhmaṇa</subfield>
    </datafield>
    <datafield tag="141" ind1=" " ind2=" ">
      <subfield code="w">.0..j.san.</subfield>
      <subfield code="a">ब्राह्मण</subfield>
    </datafield>
    <datafield tag="302" ind1=" " ind2=" ">
      <subfield code="3">17004427</subfield>
      <subfield code="w">.0..basan.</subfield>
      <subfield code="a">Brāhmaṇa</subfield>
      <subfield code="i">Gopatha-brāhmaṇa</subfield>
    </datafield>
    <datafield tag="302" ind1=" " ind2=" ">
      <subfield code="3">16998313</subfield>
      <subfield code="w">.0..basan.</subfield>
      <subfield code="a">Brāhmaṇa</subfield>
      <subfield code="i">Tāṇḍya-brāhmaṇa</subfield>
    </datafield>
    <datafield tag="302" ind1=" " ind2=" ">
      <subfield code="3">16997579</subfield>
      <subfield code="w">.0..basan.</subfield>
      <subfield code="a">Brāhmaṇa</subfield>
      <subfield code="i">Aitareya-brāhmaṇa</subfield>
    </datafield>
    <datafield tag="302" ind1=" " ind2=" ">
      <subfield code="3">15661388</subfield>
      <subfield code="w">.0..basan.</subfield>
      <subfield code="a">Brāhmaṇa</subfield>
      <subfield code="i">Kauṣītaki-brāhmaṇa</subfield>
    </datafield>
    <datafield tag="302" ind1=" " ind2=" ">
      <subfield code="3">15564129</subfield>
      <subfield code="w">.0..basan.</subfield>
      <subfield code="a">Brāhmaṇa</subfield>
      <subfield code="i">Taittirīya-brāhmaṇa</subfield>
    </datafield>
    <datafield tag="302" ind1=" " ind2=" ">
      <subfield code="3">12269185</subfield>
      <subfield code="w">.0..basan.</subfield>
      <subfield code="a">Brāhmaṇa</subfield>
      <subfield code="i">Śatapatha-brāhmaṇa</subfield>
    </datafield>
    <datafield tag="302" ind1=" " ind2=" ">
      <subfield code="3">12178068</subfield>
      <subfield code="w">.0..basan.</subfield>
      <subfield code="a">Brāhmaṇa</subfield>
      <subfield code="i">Jaiminīya-brāhmaṇa</subfield>
    </datafield>
    <datafield tag="441" ind1=" " ind2=" ">
      <subfield code="w">....busan.</subfield>
      <subfield code="a">Brahmanas</subfield>
    </datafield>
    <datafield tag="441" ind1=" " ind2=" ">
      <subfield code="w">....b.fre.</subfield>
      <subfield code="a">Interprétations des brahmanes</subfield>
    </datafield>
    <datafield tag="441" ind1=" " ind2=" ">
      <subfield code="w">....b.fre.</subfield>
      <subfield code="a">Interprétation du brahman</subfield>
    </datafield>
    <datafield tag="600" ind1=" " ind2=" ">
      <subfield code="a">Nom générique de traités et commentaires des Veda, expliquant la science sacrée védique (le brahmaṇ) et le rituel à l'usage des brahmanes</subfield>
      <subfield code="a">Compilés en prose dans les écoles védiques, ces textes se répartissent selon le Veda dont ils relèvent, mais ont acquis une certaine autonomie (entre les Xe et VIe s. av. J.-C.)</subfield>
    </datafield>
    <datafield tag="610" ind1=" " ind2=" ">
      <subfield code="a">IFLA, Anonymous classics, 1964, p. 59 : Brahmana</subfield>
    </datafield>
    <datafield tag="610" ind1=" " ind2=" ">
      <subfield code="a">Cat. of Sanskrit, Pali and Prakrit books / National library, 1951 : Brāhmaṇa</subfield>
      <subfield code="a">Internatl. encycl. of Indian lit. / G. R. Garg, 1987, vol. 1, part 1 :  Brāhmaṇa</subfield>
      <subfield code="a">L'Inde classique / par L. Renou et J. Filliozat, 1947-1953, vol. 1, p. 288-289 § 561 : Brâhmana</subfield>
      <subfield code="a">Dict. de la civilisation indienne / Louis Frédéric, 1987 : Brâhmana</subfield>
      <subfield code="a">LCNA, 1985 : Brahmanas</subfield>
    </datafield>
    <datafield tag="610" ind1=" " ind2=" ">
      <subfield code="a">BnF Service indien, 2015-10-13</subfield>
    </datafield>
    <datafield tag="624" ind1=" " ind2=" ">
      <subfield code="a">200</subfield>
    </datafield>
    <datafield tag="907" ind1=" " ind2=" ">
      <subfield code="o">GEA</subfield>
      <subfield code="a">003827432</subfield>
      <subfield code="b">AMA</subfield>
    </datafield>
    <datafield tag="907" ind1=" " ind2=" ">
      <subfield code="o">GEA</subfield>
      <subfield code="a">004224177</subfield>
      <subfield code="b">TUT</subfield>
    </datafield>
    <datafield tag="917" ind1=" " ind2=" ">
      <subfield code="o">OPL</subfield>
      <subfield code="a">008430018</subfield>
      <subfield code="b">AMA</subfield>
    </datafield>
    <datafield tag="917" ind1=" " ind2=" ">
      <subfield code="o">OPL</subfield>
      <subfield code="a">004371095</subfield>
      <subfield code="b">TUT</subfield>
    </datafield>
  </record>
  <record>
    <leader>02037c1 at22000272  452 </leader>
    <controlfield tag="001">FRBNF151187948</controlfield>
    <controlfield tag="003">http://catalogue.bnf.fr/ark:/12148/cb151187948</controlfield>
    <controlfield tag="008">061206200214inpra                                            1   </controlfield>
    <datafield tag="041" ind1=" " ind2=" ">
      <subfield code="a">pra</subfield>
      <subfield code="a">san</subfield>
    </datafield>
    <datafield tag="043" ind1=" " ind2=" ">
      <subfield code="o">te</subfield>
    </datafield>
    <datafield tag="060" ind1=" " ind2=" ">
      <subfield code="f">relig</subfield>
      <subfield code="g">jaini</subfield>
    </datafield>
    <datafield tag="141" ind1=" " ind2=" ">
      <subfield code="w">.0..basan.</subfield>
      <subfield code="a">Jaina-Sūtra</subfield>
      <subfield code="i">Cheda-Sūtra</subfield>
      <subfield code="i">Niśītha</subfield>
    </datafield>
    <datafield tag="141" ind1=" " ind2=" ">
      <subfield code="w">.0..jasan.</subfield>
      <subfield code="a">जैन-सूत्र</subfield>
      <subfield code="i">छेद-सूत्र​</subfield>
      <subfield code="i">निशीथ​</subfield>
    </datafield>
    <datafield tag="441" ind1=" " ind2=" ">
      <subfield code="w">....busan.</subfield>
      <subfield code="a">Niśītha</subfield>
    </datafield>
    <datafield tag="441" ind1=" " ind2=" ">
      <subfield code="w">....j.san.</subfield>
      <subfield code="a">निशीथ​</subfield>
    </datafield>
    <datafield tag="441" ind1=" " ind2=" ">
      <subfield code="w">....busan.</subfield>
      <subfield code="a">Nishitha</subfield>
    </datafield>
    <datafield tag="441" ind1=" " ind2=" ">
      <subfield code="w">....busan.</subfield>
      <subfield code="a">Niçitha</subfield>
    </datafield>
    <datafield tag="441" ind1=" " ind2=" ">
      <subfield code="w">....basan.</subfield>
      <subfield code="a">Niśīthasūtra</subfield>
    </datafield>
    <datafield tag="441" ind1=" " ind2=" ">
      <subfield code="w">....j.san.</subfield>
      <subfield code="a">निशीथसूत्र​</subfield>
    </datafield>
    <datafield tag="441" ind1=" " ind2=" ">
      <subfield code="w">....bapra.</subfield>
      <subfield code="a">Niśītha-sūtra</subfield>
    </datafield>
    <datafield tag="441" ind1=" " ind2=" ">
      <subfield code="w">....j.san.</subfield>
      <subfield code="a">निशीथ-सूत्र</subfield>
    </datafield>
    <datafield tag="441" ind1=" " ind2=" ">
      <subfield code="w">....bapra.</subfield>
      <subfield code="a">Nisīha</subfield>
    </datafield>
    <datafield tag="441" ind1=" " ind2=" ">
      <subfield code="w">....j.pra.</subfield>
      <subfield code="a">निसीह​</subfield>
    </datafield>
    <datafield tag="441" ind1=" " ind2=" ">
      <subfield code="w">....bapra.</subfield>
      <subfield code="a">Nisīha-suttaṁ</subfield>
    </datafield>
    <datafield tag="441" ind1=" " ind2=" ">
      <subfield code="w">....j.pra.</subfield>
      <subfield code="a">निसीह-सुत्तं</subfield>
    </datafield>
    <datafield tag="502" ind1=" " ind2=" ">
      <subfield code="3">15118862</subfield>
      <subfield code="w">.0..basan.</subfield>
      <subfield code="a">Jaina-Sūtra</subfield>
      <subfield code="i">Cheda-Sūtra</subfield>
    </datafield>
    <datafield tag="610" ind1=" " ind2=" ">
      <subfield code="a">IFLA, Anonymous classics, 1964, p. 57 : Jaina-Sutra. Cheda-Sutra. Nisitha (forme sanskrite sans les signes diacritiques)</subfield>
    </datafield>
    <datafield tag="610" ind1=" " ind2=" ">
      <subfield code="a">Internatl. encycl. of Indian lit. / G. R. Garg, 1987, vol. 1, part 1 (sous : Chheya-sutta) : Nisīha</subfield>
      <subfield code="a">L'Inde classique / par L. Renou et J. Filliozat, 1947-1953, vol. 2 § 2402 : Nisīha</subfield>
      <subfield code="a">Jaina-Onomasticon / J. Klatt, 2016 : Nisīha</subfield>
      <subfield code="a">Prakrit proper names, Part I, 1970 : Nisīha (Niśītha)</subfield>
      <subfield code="a">LC Authorities : Jaina Āgama. Chedasutta. Nisīha</subfield>
      <subfield code="u">https://lccn.loc.gov/n84048294</subfield>
      <subfield code="d">2020-02-14</subfield>
    </datafield>
    <datafield tag="610" ind1=" " ind2=" ">
      <subfield code="a">BnF Service indien, 2006-12-07</subfield>
    </datafield>
    <datafield tag="612" ind1=" " ind2=" ">
      <subfield code="a">Catl. of Sanskrit, Pali and Prakrit books / National library, Calcutta, 1956</subfield>
      <subfield code="a">Catl. of Sanskrit, Pali and Prakrit books, supplement / National library, Calcutta, 1988</subfield>
      <subfield code="a">Catl. of the library of the India Office, Vol. II, Part I, 1953, Section III</subfield>
    </datafield>
    <datafield tag="624" ind1=" " ind2=" ">
      <subfield code="a">200</subfield>
    </datafield>
    <datafield tag="631" ind1=" " ind2=" ">
      <subfield code="a">"Section" (cheda) du Canon jaina, comprenant 20 chapitres, en prose, décrivant les châtiments et expiations des manquements à la vie monastique</subfield>
    </datafield>
  </record>
  <record>
    <leader>01011c1 at22000272  45  </leader>
    <controlfield tag="001">FRBNF136027331</controlfield>
    <controlfield tag="003">http://catalogue.bnf.fr/ark:/12148/cb136027330</controlfield>
    <controlfield tag="008">010117100610insan                                            010 </controlfield>
    <datafield tag="141" ind1=" " ind2=" ">
      <subfield code="w">.1..bxsan.</subfield>
      <subfield code="a">Pāñcarātra</subfield>
      <subfield code="i">Viśvāmitrasaṃhitā</subfield>
    </datafield>
    <datafield tag="441" ind1=" " ind2=" ">
      <subfield code="w">....busan.</subfield>
      <subfield code="a">Vishvamitra-samhita</subfield>
    </datafield>
    <datafield tag="441" ind1=" " ind2=" ">
      <subfield code="w">....busan.</subfield>
      <subfield code="a">Vishvamitrasamhita</subfield>
    </datafield>
    <datafield tag="441" ind1=" " ind2=" ">
      <subfield code="w">....busan.</subfield>
      <subfield code="a">Viśvāmitra-saṃhitā</subfield>
    </datafield>
    <datafield tag="441" ind1=" " ind2=" ">
      <subfield code="w">....bxsan.</subfield>
      <subfield code="a">Viśvāmitrasaṃhitā</subfield>
    </datafield>
    <datafield tag="502" ind1=" " ind2=" ">
      <subfield code="3">13778089</subfield>
      <subfield code="w">.0..basan.</subfield>
      <subfield code="a">Pāñcarātra</subfield>
    </datafield>
    <datafield tag="600" ind1=" " ind2=" ">
      <subfield code="a">Texte sanskrit de la tradition vishnouite</subfield>
    </datafield>
    <datafield tag="610" ind1=" " ind2=" ">
      <subfield code="a">LCNA (CD), 1996-06 : Pancaratra. Vishvamitrasamhita</subfield>
    </datafield>
    <datafield tag="610" ind1=" " ind2=" ">
      <subfield code="a">Viśvāmitrasaṃhitāyāḥ / U. Śaṅkarabhaṭṭena kr̥tam, 1988</subfield>
    </datafield>
    <datafield tag="610" ind1=" " ind2=" ">
      <subfield code="a">BN Service indien</subfield>
    </datafield>
    <datafield tag="612" ind1=" " ind2=" ">
      <subfield code="a">Cat. of Sanskrit, Pali and Prakrit books / Natl. library, 1973</subfield>
      <subfield code="a">L'Inde classique / par L. Renou et J. Filliozat, 1947-1953, vol. 1, p. 647-648</subfield>
      <subfield code="a">Dict. de la civilisation indienne / Louis Frédéric, 1987</subfield>
    </datafield>
    <datafield tag="624" ind1=" " ind2=" ">
      <subfield code="a">200</subfield>
    </datafield>
    <datafield tag="907" ind1=" " ind2=" ">
      <subfield code="o">GEA</subfield>
      <subfield code="a">009297859</subfield>
    </datafield>
    <datafield tag="917" ind1=" " ind2=" ">
      <subfield code="o">OPL</subfield>
      <subfield code="a">015286899</subfield>
    </datafield>
    <datafield tag="917" ind1=" " ind2=" ">
      <subfield code="o">OPL</subfield>
      <subfield code="a">015286810</subfield>
    </datafield>
  </record>
  <record>
    <leader>00914c1 at22000272  45  </leader>
    <controlfield tag="001">FRBNF150795787</controlfield>
    <controlfield tag="003">http://catalogue.bnf.fr/ark:/12148/cb15079578s</controlfield>
    <controlfield tag="008">060707140121inpan           157.    ?                        010 </controlfield>
    <datafield tag="141" ind1=" " ind2=" ">
      <subfield code="w">.0..bxpan.</subfield>
      <subfield code="a">Goindval pothis</subfield>
    </datafield>
    <datafield tag="441" ind1=" " ind2=" ">
      <subfield code="w">....bxpan.</subfield>
      <subfield code="a">Mohan pothis</subfield>
    </datafield>
    <datafield tag="600" ind1=" " ind2=" ">
      <subfield code="a">Compilation effectuée à Goindval (Penjab, Inde), parfois attribuée à Amar Das, troisième guru des Sikhs</subfield>
      <subfield code="a">Compilation un peu postérieure par un religieux sikh, Mohan</subfield>
    </datafield>
    <datafield tag="600" ind1=" " ind2=" ">
      <subfield code="a">Recueil des premiers hymnes du sikhisme, contenant des compositions des trois premiers gurus et de poètes non sikhs</subfield>
      <subfield code="a">2 manuscrits conservés : "Ahiapur vali pothi", Jalandhar (Penjab) ; "Pinjore vali pothi", Pinjore (Penjab), compilés entre 1565-1574</subfield>
    </datafield>
    <datafield tag="610" ind1=" " ind2=" ">
      <subfield code="a">The Goindval Pothis : the earliest extant source of the Sikh canon / Gurinder Singh Mann, 1996</subfield>
    </datafield>
    <datafield tag="610" ind1=" " ind2=" ">
      <subfield code="a">The making of Sikh scripture / Gurinder Singh Mann, 2001</subfield>
      <subfield code="a">LC authorities : Goindval pothis</subfield>
      <subfield code="u">http://authorities.loc.gov/</subfield>
      <subfield code="d">2014-01-21</subfield>
    </datafield>
    <datafield tag="610" ind1=" " ind2=" ">
      <subfield code="a">BnF Service indien, 2006-07-13</subfield>
    </datafield>
    <datafield tag="624" ind1=" " ind2=" ">
      <subfield code="a">200</subfield>
    </datafield>
  </record>
  <record>
    <leader>00776n0 at22000272  45  </leader>
    <controlfield tag="001">FRBNF165453202</controlfield>
    <controlfield tag="003">http://catalogue.bnf.fr/ark:/12148/cb16545320b</controlfield>
    <controlfield tag="008">111021      zzave                                            1   </controlfield>
    <datafield tag="141" ind1=" " ind2=" ">
      <subfield code="w">.0..bxave.</subfield>
      <subfield code="a">Avesta</subfield>
      <subfield code="i">Hādōxt Nask</subfield>
    </datafield>
    <datafield tag="441" ind1=" " ind2=" ">
      <subfield code="w">....bxave.</subfield>
      <subfield code="a">Hādōxt Nask</subfield>
    </datafield>
    <datafield tag="441" ind1=" " ind2=" ">
      <subfield code="w">....b.eng.</subfield>
      <subfield code="a">Book of scriptures</subfield>
    </datafield>
    <datafield tag="441" ind1=" " ind2=" ">
      <subfield code="w">....b.eng.</subfield>
      <subfield code="a">Book of the scriptures</subfield>
    </datafield>
    <datafield tag="441" ind1=" " ind2=" ">
      <subfield code="w">....b.fre.</subfield>
      <subfield code="a">Livre des illustrations</subfield>
    </datafield>
    <datafield tag="502" ind1=" " ind2=" ">
      <subfield code="3">16545251</subfield>
      <subfield code="w">.0..bxave.</subfield>
      <subfield code="a">Avesta</subfield>
    </datafield>
    <datafield tag="600" ind1=" " ind2=" ">
      <subfield code="a">Texte de l'Avesta dont il ne reste actuellement que 2 fragments, dont l'un retrace l'ascension de l'âme au ciel</subfield>
    </datafield>
    <datafield tag="610" ind1=" " ind2=" ">
      <subfield code="a">Encyclopaedia Iranica / ed. by Ehsan Yarshater, 1996 : Hādōxt Nask</subfield>
    </datafield>
    <datafield tag="612" ind1=" " ind2=" ">
      <subfield code="a">DLL</subfield>
      <subfield code="a">Laffont Bompiani, Oeuvres, 1994</subfield>
      <subfield code="a">Encycl. universalis</subfield>
      <subfield code="u">http://www.universalis-edu.com</subfield>
      <subfield code="d">2011-05-31</subfield>
    </datafield>
  </record>
  <record>
    <leader>00948c1 as2200027   45  </leader>
    <controlfield tag="001">FRBNF156653912</controlfield>
    <controlfield tag="003">http://catalogue.bnf.fr/ark:/12148/cb156653919</controlfield>
    <controlfield tag="008">080527130122frmul           2007                             1   </controlfield>
    <datafield tag="041" ind1=" " ind2=" ">
      <subfield code="a">heb</subfield>
      <subfield code="a">fre</subfield>
    </datafield>
    <datafield tag="043" ind1=" " ind2=" ">
      <subfield code="o">te</subfield>
    </datafield>
    <datafield tag="145" ind1="0" ind2="6">
      <subfield code="w">.1..b.fre.</subfield>
      <subfield code="a">Rituel de prières</subfield>
      <subfield code="e">rite du judaïsme conservateur, France</subfield>
    </datafield>
    <datafield tag="145" ind1="0" ind2="6">
      <subfield code="w">.0..baheb.</subfield>
      <subfield code="a">Sidwr</subfield>
      <subfield code="e">rite du judaïsme conservateur, France</subfield>
    </datafield>
    <datafield tag="145" ind1="0" ind2="6">
      <subfield code="w">.0..baheb.</subfield>
      <subfield code="a">סדור</subfield>
      <subfield code="e">rite du judaïsme conservateur, France</subfield>
    </datafield>
    <datafield tag="600" ind1=" " ind2=" ">
      <subfield code="a">Livre liturgique du judaïsme conservateur (massorti) à l'usage des communautés massorti de France, édité par la Communauté juive "Massorti" de Paris</subfield>
      <subfield code="a">Il comprend les prières quotidiennes des jours de la semaine, les prières du chabbat, les offices des fêtes de pèlerinage, les prières des jours profanes et de demi-fête. Il intègre des formulations du rite séfarade (Kaddich, Kedoucha, Havdala, etc.)</subfield>
    </datafield>
    <datafield tag="610" ind1=" " ind2=" ">
      <subfield code="a">Dict. du judaïsme / Alan Unterman, 1997 : forme courante retenue</subfield>
      <subfield code="a">Encycl. judaïca, [1982] (sous : Prayer books) : Siddur</subfield>
    </datafield>
    <datafield tag="610" ind1=" " ind2=" ">
      <subfield code="a">BnF Service hébreu, 2008-06-03</subfield>
    </datafield>
  </record>
  <record>
    <leader>01272c1 at22000272  45  </leader>
    <controlfield tag="001">FRBNF145839011</controlfield>
    <controlfield tag="003">http://catalogue.bnf.fr/ark:/12148/cb14583901s</controlfield>
    <controlfield tag="008">041123050223zzarc                                            010 </controlfield>
    <datafield tag="141" ind1=" " ind2=" ">
      <subfield code="w">.1..b.fre.</subfield>
      <subfield code="a">Tossefta</subfield>
      <subfield code="i">Sotah</subfield>
    </datafield>
    <datafield tag="141" ind1=" " ind2=" ">
      <subfield code="w">.0..baarc.</subfield>
      <subfield code="a">Twseptaʾ</subfield>
      <subfield code="i">Swṭah</subfield>
    </datafield>
    <datafield tag="441" ind1=" " ind2=" ">
      <subfield code="w">....bxarc.</subfield>
      <subfield code="a">Sotah</subfield>
      <subfield code="e">Tosefta</subfield>
    </datafield>
    <datafield tag="441" ind1=" " ind2=" ">
      <subfield code="w">....bxarc.</subfield>
      <subfield code="a">Tôsefta'</subfield>
      <subfield code="i">Nashim</subfield>
      <subfield code="i">Sotah</subfield>
    </datafield>
    <datafield tag="441" ind1=" " ind2=" ">
      <subfield code="w">....bxarc.</subfield>
      <subfield code="a">Tôsefta'</subfield>
      <subfield code="i">Sotah</subfield>
    </datafield>
    <datafield tag="502" ind1=" " ind2=" ">
      <subfield code="3">14584546</subfield>
      <subfield code="w">.1..b.fre.</subfield>
      <subfield code="a">Tossefta</subfield>
      <subfield code="i">Nachim</subfield>
    </datafield>
    <datafield tag="600" ind1=" " ind2=" ">
      <subfield code="a">Commentaire complémentaire en 15 chapitres sur 5e traité du 3e ordre (Nashim) de la "Michna", concernant les femmes suspectées d'adultère</subfield>
    </datafield>
    <datafield tag="610" ind1=" " ind2=" ">
      <subfield code="a">IFLA Anonymous classics, 1964 : Tosefta</subfield>
    </datafield>
    <datafield tag="610" ind1=" " ind2=" ">
      <subfield code="a">Dictionnaire encyclopédique du judaïsme / dir. Geoffrey Wigoder, 1993 (sous : Tossefta) ; (sous : Sotah) : "débats et commentaires approfondis dans les deux Talmuds et la Tossefta"</subfield>
      <subfield code="a">Encycl. Judaica (CD), 1997 (sous : Tosefta) : «e.g. 'Sotah'» ; (sous : Sotah, tract.) : Swṭah (en caractères hébreux ici translittérés selon la norme ISO 259-2, 1994), «with 'Tosefta' and 'Gemara'»</subfield>
    </datafield>
    <datafield tag="612" ind1=" " ind2=" ">
      <subfield code="a">IFLA Anonymous classics, 1964</subfield>
    </datafield>
    <datafield tag="612" ind1=" " ind2=" ">
      <subfield code="a">Oxford dict. of the Jewish religion / R. J. Zwi Werblowsky and Geoffrey Wigoder, 1997 (sous : Tosefta') ; (sous : Sotah) : "tractate in Mishnah oder Nashim,... with related material in the Tosefta'"</subfield>
    </datafield>
  </record>
  <record>
    <leader>01255c1 at22000272  45  </leader>
    <controlfield tag="001">FRBNF177508083</controlfield>
    <controlfield tag="003">http://catalogue.bnf.fr/ark:/12148/cb17750808b</controlfield>
    <controlfield tag="008">180724180827zzheb                                            010 </controlfield>
    <datafield tag="041" ind1=" " ind2=" ">
      <subfield code="a">arc</subfield>
      <subfield code="a">heb</subfield>
    </datafield>
    <datafield tag="141" ind1=" " ind2=" ">
      <subfield code="w">.1..b.....</subfield>
      <subfield code="a">Talmud de Babylone</subfield>
      <subfield code="i">Hullin</subfield>
    </datafield>
    <datafield tag="141" ind1=" " ind2=" ">
      <subfield code="w">.0..baheb.</subfield>
      <subfield code="a">Talmwd babliy</subfield>
      <subfield code="i">Ḥwliyn</subfield>
    </datafield>
    <datafield tag="141" ind1=" " ind2=" ">
      <subfield code="w">.0..h.heb.</subfield>
      <subfield code="a">תלמוד בבלי</subfield>
      <subfield code="i">חולין</subfield>
    </datafield>
    <datafield tag="441" ind1=" " ind2=" ">
      <subfield code="w">....b.fre.</subfield>
      <subfield code="a">Hullin</subfield>
      <subfield code="e">Babylone</subfield>
    </datafield>
    <datafield tag="441" ind1=" " ind2=" ">
      <subfield code="w">....baheb.</subfield>
      <subfield code="a">Ḥwliyn</subfield>
      <subfield code="e">Talmwd babliy</subfield>
    </datafield>
    <datafield tag="441" ind1=" " ind2=" ">
      <subfield code="w">....h.heb.</subfield>
      <subfield code="a">חולין</subfield>
      <subfield code="e">תלמוד בבלי</subfield>
    </datafield>
    <datafield tag="441" ind1=" " ind2=" ">
      <subfield code="w">....buheb.</subfield>
      <subfield code="a">Chullin</subfield>
    </datafield>
    <datafield tag="502" ind1=" " ind2=" ">
      <subfield code="3">12075466</subfield>
      <subfield code="w">.1..b.fre.</subfield>
      <subfield code="a">Talmud de Babylone</subfield>
      <subfield code="i">Qodashim</subfield>
    </datafield>
    <datafield tag="600" ind1=" " ind2=" ">
      <subfield code="a">Troisième traité du cinquième ordre (Qodashim) de la Michna (composante du Talmud), dans la version de l'École de Babylone</subfield>
    </datafield>
    <datafield tag="610" ind1=" " ind2=" ">
      <subfield code="a">Encycl. Judaica, 2007 (sous : Talmud, Babylonian, orders and tractacte of the Mishnah and Talmud) : Order Kodashim : Hullin</subfield>
    </datafield>
    <datafield tag="610" ind1=" " ind2=" ">
      <subfield code="a">IFLA, Anonymous classics, 1964 : Talmuḏ</subfield>
      <subfield code="a">Introduction au Talmud et au Midrash / H.L. Strack, G. Stemberger ; trad. M.-R. Hayoun, 1986, p. 150 : Chullin ; Les animaux profanes</subfield>
    </datafield>
    <datafield tag="610" ind1=" " ind2=" ">
      <subfield code="a">BnF Service hébreu, 2018-08-23</subfield>
    </datafield>
    <datafield tag="612" ind1=" " ind2=" ">
      <subfield code="a">Dictionnaire encycl. du judaïsme / dir. Geoffrey Wigoder, 1993</subfield>
      <subfield code="a">Oxford dict. of the Jewish religion / R. J. Zwi Werblowsky and Geoffrey Wigoder, 1997</subfield>
    </datafield>
    <datafield tag="624" ind1=" " ind2=" ">
      <subfield code="a">200</subfield>
    </datafield>
    <datafield tag="624" ind1=" " ind2=" ">
      <subfield code="a">340</subfield>
    </datafield>
  </record>
  <record>
    <leader>01363c0 at22000272  45  </leader>
    <controlfield tag="001">FRBNF120083321</controlfield>
    <controlfield tag="003">http://catalogue.bnf.fr/ark:/12148/cb12008332t</controlfield>
    <controlfield tag="008">870101120202zzara                                            010 </controlfield>
    <datafield tag="141" ind1=" " ind2=" ">
      <subfield code="w">.1..b.fre.</subfield>
      <subfield code="a">Hadith</subfield>
    </datafield>
    <datafield tag="141" ind1=" " ind2=" ">
      <subfield code="w">.0..bbara.</subfield>
      <subfield code="a">Ḥadīṯ</subfield>
    </datafield>
    <datafield tag="141" ind1=" " ind2=" ">
      <subfield code="w">.0..f.ara.</subfield>
      <subfield code="a">حديث</subfield>
    </datafield>
    <datafield tag="202" ind1=" " ind2=" ">
      <subfield code="a">À utiliser pour le corpus des paroles de Mahomet transmis par la tradition sunnite. Pour le corpus de tradition chiite, utiliser "Hadith (collections chiites)"</subfield>
    </datafield>
    <datafield tag="320" ind1=" " ind2=" ">
      <subfield code="3">13538919</subfield>
      <subfield code="9">166</subfield>
      <subfield code="w">....b.....</subfield>
      <subfield code="a">Femmes dans les hadiths</subfield>
    </datafield>
    <datafield tag="320" ind1=" " ind2=" ">
      <subfield code="3">11973106</subfield>
      <subfield code="9">166</subfield>
      <subfield code="w">....b.....</subfield>
      <subfield code="a">Sunna</subfield>
    </datafield>
    <datafield tag="441" ind1=" " ind2=" ">
      <subfield code="w">....b.fre.</subfield>
      <subfield code="a">Les six livres</subfield>
    </datafield>
    <datafield tag="441" ind1=" " ind2=" ">
      <subfield code="w">....b.fre.</subfield>
      <subfield code="a">Traditions prophétiques</subfield>
    </datafield>
    <datafield tag="441" ind1=" " ind2=" ">
      <subfield code="w">....bxara.</subfield>
      <subfield code="a">Ḥadīth</subfield>
    </datafield>
    <datafield tag="510" ind1=" " ind2=" ">
      <subfield code="3">11950132</subfield>
      <subfield code="9">166</subfield>
      <subfield code="w">....b.....</subfield>
      <subfield code="a">Droit islamique</subfield>
    </datafield>
    <datafield tag="600" ind1=" " ind2=" ">
      <subfield code="a">Paroles de Mahomet, restées en dehors du Coran, et traditions, transmises par les compagnons du Prophète, rassemblées en recueils. Six grands recueils de hadith, composés au IIIe s. de l'égire (IXe s.) sont considérés comme canoniques et ont force de loi pour l'ensemble de la communauté musulmane, ils sont parfois appelés "les six livres" ou "six valides"</subfield>
    </datafield>
    <datafield tag="610" ind1=" " ind2=" ">
      <subfield code="a">Encycl. de l'Islam</subfield>
      <subfield code="a">Dict. encycl. de l'islam / C. Glassé, 1991</subfield>
      <subfield code="a">GDEL</subfield>
      <subfield code="a">Encycl. universalis, 1996</subfield>
      <subfield code="a">Larousse 19 s.</subfield>
    </datafield>
    <datafield tag="610" ind1=" " ind2=" ">
      <subfield code="a">BnF Service arabe, 2008-10-28</subfield>
    </datafield>
    <datafield tag="612" ind1=" " ind2=" ">
      <subfield code="a">LCNA 1977-1986 et 1987-1993</subfield>
    </datafield>
    <datafield tag="624" ind1=" " ind2=" ">
      <subfield code="a">200</subfield>
    </datafield>
    <datafield tag="907" ind1=" " ind2=" ">
      <subfield code="o">GEA</subfield>
      <subfield code="a">001104742</subfield>
      <subfield code="b">AMA</subfield>
    </datafield>
    <datafield tag="907" ind1=" " ind2=" ">
      <subfield code="o">GEA</subfield>
      <subfield code="a">005526940</subfield>
      <subfield code="b">ATU</subfield>
    </datafield>
    <datafield tag="917" ind1=" " ind2=" ">
      <subfield code="o">OPL</subfield>
      <subfield code="a">002137108</subfield>
      <subfield code="b">AMA</subfield>
    </datafield>
    <datafield tag="917" ind1=" " ind2=" ">
      <subfield code="o">OPL</subfield>
      <subfield code="a">002477744</subfield>
      <subfield code="b">ATU</subfield>
    </datafield>
  </record>
  <record>
    <leader>00824c0 at22000272  45  </leader>
    <controlfield tag="001">FRBNF122377930</controlfield>
    <controlfield tag="003">http://catalogue.bnf.fr/ark:/12148/cb12237793v</controlfield>
    <controlfield tag="008">920226170630egegy                                            1   </controlfield>
    <datafield tag="141" ind1=" " ind2=" ">
      <subfield code="w">.1..b.fre.</subfield>
      <subfield code="a">Annales des prêtres de Karnak</subfield>
    </datafield>
    <datafield tag="202" ind1=" " ind2=" ">
      <subfield code="a">Ne pas confondre avec les "Biographies sacerdotales" gravées sur des statues</subfield>
    </datafield>
    <datafield tag="600" ind1=" " ind2=" ">
      <subfield code="a">Inscriptions enregistrant l'"introduction" des nouveaux prêtres dans une partie déterminée du temple de Karnak, à l'époque des XXIe-XXIIIe dynasties (983 à 760 av. J.-C.)</subfield>
      <subfield code="a">44 fragments gravés sur des piliers du Palais des fêtes de Thotmès III, comportant 80 textes en majorité disparus depuis leur découverte par Georges Legrain en 1898-1899</subfield>
    </datafield>
    <datafield tag="610" ind1=" " ind2=" ">
      <subfield code="a">Les annales des prêtres de Karnak (XXII-XXIIImes dynasties) et autres textes contemporains relatifs à l'initiation des prêtres d'Amon / Jean-Marie Kruchten, 1989</subfield>
    </datafield>
    <datafield tag="907" ind1=" " ind2=" ">
      <subfield code="o">GEA</subfield>
      <subfield code="a">003419594</subfield>
    </datafield>
    <datafield tag="917" ind1=" " ind2=" ">
      <subfield code="o">OPL</subfield>
      <subfield code="a">008010719</subfield>
    </datafield>
  </record>
  <record>
    <leader>01730c0 as22000272  45  </leader>
    <controlfield tag="001">FRBNF157451301</controlfield>
    <controlfield tag="003">http://catalogue.bnf.fr/ark:/12148/cb157451309</controlfield>
    <controlfield tag="008">080731090124xxcop                                            1   </controlfield>
    <datafield tag="043" ind1=" " ind2=" ">
      <subfield code="o">te</subfield>
    </datafield>
    <datafield tag="145" ind1="0" ind2="6">
      <subfield code="w">.1..b.fre.</subfield>
      <subfield code="a">Euchologe</subfield>
      <subfield code="e">rite copte</subfield>
    </datafield>
    <datafield tag="302" ind1=" " ind2=" ">
      <subfield code="3">16157144</subfield>
      <subfield code="t">Anaphore de saint Basile (rite copte)</subfield>
    </datafield>
    <datafield tag="445" ind1="0" ind2="6">
      <subfield code="w">....b.fre.</subfield>
      <subfield code="a">Livre des trois anaphores</subfield>
    </datafield>
    <datafield tag="445" ind1="0" ind2="6">
      <subfield code="w">....b.fre.</subfield>
      <subfield code="a">Missel</subfield>
      <subfield code="e">rite copte</subfield>
    </datafield>
    <datafield tag="445" ind1="0" ind2="6">
      <subfield code="w">....bucop.</subfield>
      <subfield code="a">Pidjôm nte pišomt nanaphora</subfield>
    </datafield>
    <datafield tag="445" ind1="0" ind2="6">
      <subfield code="w">....b.... </subfield>
      <subfield code="a">Euchologion</subfield>
      <subfield code="e">rite copte</subfield>
    </datafield>
    <datafield tag="600" ind1=" " ind2=" ">
      <subfield code="a">Livre liturgique de l'Église copte, comprenant les prières préparatoires, l'ordinaire de la liturgie eucharistique, les matines, l'office vespéral de l'encens, des prières et des chants pour certaines fêtes. Sert au célébrant, prêtre ou évêque</subfield>
      <subfield code="a">Les trois anaphores de la liturgie eucharistique sont : l'anaphore copte de saint Basile (abrégé du texte grec), l'anaphore de saint Grégoire de Nazianze, utilisée aux grandes fêtes du Seigneur, l'anaphore de saint Cyrille (traduite de l'ancienne anaphore alexandrine de saint Marc), rarement utilisée</subfield>
      <subfield code="a">Nombreux ms dont : BnF, Paris, (Grec 325, XIVe s.)</subfield>
      <subfield code="a">Édité pour la première fois en 1902</subfield>
    </datafield>
    <datafield tag="610" ind1=" " ind2=" ">
      <subfield code="a">Dictionnaire encyclopédique de la liturgie / sous la dir. de Domenico Sartore et Achille M. Triacca ; adapt. française sous la dir. d'Henri Delhougne, 1999-2002. T. 2, p. 144 : Euchologe</subfield>
    </datafield>
    <datafield tag="610" ind1=" " ind2=" ">
      <subfield code="a">DACL (sous : Alexandrie, Liturgie, col. 1197) :</subfield>
      <subfield code="a">Dictionnaire de l'Orient chrétien / Julius Assfalg, Paul Krüger, 1991 (sous : Livres liturgiques. III, Les coptes) : Euchologe</subfield>
      <subfield code="a">Typologie des manuscrits liturgiques coptes / Heinzgerd Brakmann : Livre des trois anaphores ; Pidjôm nte pišomt nanaphora</subfield>
      <subfield code="u">http://aedilis.irht.cnrs.fr/liturgie/01_1.htm</subfield>
      <subfield code="d">2008-09-16</subfield>
      <subfield code="a">The Coptic encyclopedia : Euchologion</subfield>
      <subfield code="a">Les Coptes / Christian Cannuyer, 1990, p. 147 : Missel ou Euchologe</subfield>
    </datafield>
  </record>
  <record>
    <leader>01616c1 as22000272  45  </leader>
    <controlfield tag="001">FRBNF155530230</controlfield>
    <controlfield tag="003">http://catalogue.bnf.fr/ark:/12148/cb155530234</controlfield>
    <controlfield tag="008">070731160818zzmul                                            1   </controlfield>
    <datafield tag="041" ind1=" " ind2=" ">
      <subfield code="a">grc</subfield>
      <subfield code="a">chu</subfield>
    </datafield>
    <datafield tag="043" ind1=" " ind2=" ">
      <subfield code="o">te</subfield>
    </datafield>
    <datafield tag="145" ind1="0" ind2="6">
      <subfield code="w">.0..bagrp.</subfield>
      <subfield code="a">'Anastasimatárion</subfield>
      <subfield code="e">rite byzantin</subfield>
    </datafield>
    <datafield tag="145" ind1="0" ind2="6">
      <subfield code="w">.0..g.grp.</subfield>
      <subfield code="a">Ἀναστασιματάριον</subfield>
      <subfield code="e">rite byzantin</subfield>
    </datafield>
    <datafield tag="145" ind1="0" ind2="6">
      <subfield code="w">.0..barus.</subfield>
      <subfield code="a">Voskresnik</subfield>
      <subfield code="e">rite byzantin</subfield>
    </datafield>
    <datafield tag="145" ind1="0" ind2="6">
      <subfield code="w">.0..c.rus </subfield>
      <subfield code="a">Воскресник</subfield>
      <subfield code="e">rite byzantin</subfield>
    </datafield>
    <datafield tag="445" ind1="0" ind2="6">
      <subfield code="w">....b.rum.</subfield>
      <subfield code="a">Anastasimatarul</subfield>
      <subfield code="e">rite byzantin</subfield>
    </datafield>
    <datafield tag="600" ind1=" " ind2=" ">
      <subfield code="a">Livre liturgique de rite byzantin consistant en un recueil des hymnes de la Résurrection (texte et parfois musique), extraites de l'Octoèque, utilisé particulièrement pour l'office des vêpres du samedi et les matines du dimanche. Il est disposé selon l'ordre des huit tons</subfield>
    </datafield>
    <datafield tag="610" ind1=" " ind2=" ">
      <subfield code="a">Encycl. Grèce : 'Anastasimatárion (translittération selon la norme ISO 843, 1997)</subfield>
      <subfield code="a">"Studying the Oktoechos, from the Oktoechos to the Anastasimatarion / Svetlana Kujumdzieva, in XX International Byzantine Congress, Paris, 19-25 August, 2001 : Voskresnik</subfield>
      <subfield code="u">http://musicart.imbm.bas.bg/p/en_kujumdzieva1.html</subfield>
      <subfield code="d">2007-12-04</subfield>
    </datafield>
    <datafield tag="610" ind1=" " ind2=" ">
      <subfield code="a">Thrīskeutikī̀ kaì 'īthikī̀ 'egkyklopaideía : 'Anastasimatárion</subfield>
      <subfield code="a">DACL : Anastasimatarion</subfield>
      <subfield code="a">The Blackwell dictionary of Eastern christianity, 1999 : 'Anastasimatárion</subfield>
    </datafield>
    <datafield tag="612" ind1=" " ind2=" ">
      <subfield code="a">Brockhaus-Efron</subfield>
      <subfield code="a">Dictionnaire russe-français des termes en usage dans l'Église russe / Martine Roty, 1992</subfield>
      <subfield code="a">The liturgical dictionary of Eastern christianity / Peter Day, 1993</subfield>
      <subfield code="a">Les Églises orientales et les rites orientaux / Raymond Janin, 1997</subfield>
    </datafield>
  </record>
  <record>
    <leader>00644c1 as22000272  45  </leader>
    <controlfield tag="001">FRBNF145030465</controlfield>
    <controlfield tag="003">http://catalogue.bnf.fr/ark:/12148/cb14503046m</controlfield>
    <controlfield tag="008">031028070123xxmul                                            1   </controlfield>
    <datafield tag="041" ind1=" " ind2=" ">
      <subfield code="a">ger</subfield>
      <subfield code="a">lat</subfield>
    </datafield>
    <datafield tag="043" ind1=" " ind2=" ">
      <subfield code="o">te</subfield>
    </datafield>
    <datafield tag="145" ind1="0" ind2="6">
      <subfield code="w">.0..b.fre.</subfield>
      <subfield code="a">Missel</subfield>
      <subfield code="e">Oeuvre des apôtres de l'amour infini et de Notre-Dame du Magnificat</subfield>
    </datafield>
    <datafield tag="445" ind1="0" ind2="6">
      <subfield code="w">....b.ger.</subfield>
      <subfield code="a">Glorreiche heilige Messen</subfield>
    </datafield>
    <datafield tag="600" ind1=" " ind2=" ">
      <subfield code="a">Recueil de messes pour diverses fêtes et intentions, comprenant des prières et lectures et une formule de consécration eucharistique propre à l'Oeuvre de l'amour infini et de Notre-Dame du Magnificat</subfield>
    </datafield>
    <datafield tag="610" ind1=" " ind2=" ">
      <subfield code="a">Glorreiche heilige Messen und Gebete der Kirche der Glorie, 1998</subfield>
    </datafield>
  </record>
  <record>
    <leader>02151c0 at22000272  45  </leader>
    <controlfield tag="001">FRBNF12081720X</controlfield>
    <controlfield tag="003">http://catalogue.bnf.fr/ark:/12148/cb12081720w</controlfield>
    <controlfield tag="008">880804110811zzheb                                            010 </controlfield>
    <datafield tag="141" ind1=" " ind2=" ">
      <subfield code="w">.1..b.fre.</subfield>
      <subfield code="a">Manuscrits de la mer Morte</subfield>
      <subfield code="i">Règle de la guerre</subfield>
    </datafield>
    <datafield tag="141" ind1=" " ind2=" ">
      <subfield code="w">.0..baheb.</subfield>
      <subfield code="a">Mgiylwt Midbar Yhwdah</subfield>
      <subfield code="i">Milḥemet bney ʾwr bibney ḥwšek</subfield>
    </datafield>
    <datafield tag="441" ind1=" " ind2=" ">
      <subfield code="w">....b.fre.</subfield>
      <subfield code="a">Mer Morte</subfield>
      <subfield code="o">Manuscrits de la</subfield>
      <subfield code="i">Règle de la guerre</subfield>
    </datafield>
    <datafield tag="441" ind1=" " ind2=" ">
      <subfield code="w">....b.fre.</subfield>
      <subfield code="a">Règle de la guerre des Fils de Lumière contre les Fils des Ténèbres</subfield>
    </datafield>
    <datafield tag="441" ind1=" " ind2=" ">
      <subfield code="w">....b.fre.</subfield>
      <subfield code="a">Règlement de la guerre des Fils de Lumière contre les Fils des Ténèbres</subfield>
    </datafield>
    <datafield tag="441" ind1=" " ind2=" ">
      <subfield code="w">....b.fre.</subfield>
      <subfield code="a">Rouleau de la guerre</subfield>
    </datafield>
    <datafield tag="441" ind1=" " ind2=" ">
      <subfield code="w">....baheb.</subfield>
      <subfield code="a">Milḥemet bney ʾwr bibney ḥwšek</subfield>
    </datafield>
    <datafield tag="441" ind1=" " ind2=" ">
      <subfield code="w">....baheb.</subfield>
      <subfield code="a">Ha mgiylwt hagnwzwt</subfield>
      <subfield code="i">Milḥemet bney ʾwr bibney ḥwšek</subfield>
    </datafield>
    <datafield tag="441" ind1=" " ind2=" ">
      <subfield code="w">....bxheb.</subfield>
      <subfield code="a">Měḡillot̲ Mid̲bar Yěhud̲a</subfield>
      <subfield code="i">Milḥemet běné or bivné ḥošek̲</subfield>
    </datafield>
    <datafield tag="441" ind1=" " ind2=" ">
      <subfield code="w">....bxheb.</subfield>
      <subfield code="a">Megillot genuzot</subfield>
      <subfield code="i">Milhemet bene or bivne hoshekh</subfield>
    </datafield>
    <datafield tag="441" ind1=" " ind2=" ">
      <subfield code="w">....baheb.</subfield>
      <subfield code="a">Mgiylwt Midbar Yhwdah</subfield>
      <subfield code="i">Milḥemet bney ʾwr bibney ḥošek</subfield>
    </datafield>
    <datafield tag="441" ind1=" " ind2=" ">
      <subfield code="w">....bxheb.</subfield>
      <subfield code="a">Měḡillot̲ Mid̲bar Yěhud̲a</subfield>
      <subfield code="i">Serek̲ hammilḥama</subfield>
    </datafield>
    <datafield tag="441" ind1=" " ind2=" ">
      <subfield code="w">....bxheb.</subfield>
      <subfield code="a">Serek̲ hammilḥama</subfield>
    </datafield>
    <datafield tag="441" ind1=" " ind2=" ">
      <subfield code="w">....b.eng.</subfield>
      <subfield code="a">War of the Sons of Light against the Sons of Darkness</subfield>
    </datafield>
    <datafield tag="441" ind1=" " ind2=" ">
      <subfield code="w">....b.lat.</subfield>
      <subfield code="a">Regula belli seu Bellum filiorum lucis contra filios obscuritatis</subfield>
    </datafield>
    <datafield tag="502" ind1=" " ind2=" ">
      <subfield code="3">12008383</subfield>
      <subfield code="w">.1..b.fre.</subfield>
      <subfield code="a">Manuscrits de la mer Morte</subfield>
    </datafield>
    <datafield tag="600" ind1=" " ind2=" ">
      <subfield code="a">Fragments de manuscrits de la Mer Morte</subfield>
      <subfield code="a">Texte représenté par un exemplaire presque complet de 1Q, (1QM) par des fragments de plusieurs manuscrits de 4Q, par un manuscrit de 11Q</subfield>
    </datafield>
    <datafield tag="610" ind1=" " ind2=" ">
      <subfield code="a">IFLA, Anonymous classics, 1964  : Mer morte (Manuscrits). Règle de la guerre ; Měḡillot̲ Mid̲bar Yěhud̲a. Milḥemet běné or bivné ḥošek̲</subfield>
    </datafield>
    <datafield tag="610" ind1=" " ind2=" ">
      <subfield code="a">Les manuscrits de la Mer Morte / Farah Mébarki et Émile Puech, 2002, p. 93 : Règle de la guerre</subfield>
    </datafield>
    <datafield tag="610" ind1=" " ind2=" ">
      <subfield code="a">BN Cat. gén. 1960-1969 : Mer Morte (Manuscrits de la). Règle de la guerre</subfield>
    </datafield>
    <datafield tag="624" ind1=" " ind2=" ">
      <subfield code="a">200</subfield>
    </datafield>
    <datafield tag="624" ind1=" " ind2=" ">
      <subfield code="a">200</subfield>
    </datafield>
    <datafield tag="907" ind1=" " ind2=" ">
      <subfield code="o">GEA</subfield>
      <subfield code="a">00188681X</subfield>
      <subfield code="b">AMA</subfield>
    </datafield>
    <datafield tag="907" ind1=" " ind2=" ">
      <subfield code="o">GEA</subfield>
      <subfield code="a">002003408</subfield>
      <subfield code="b">ATU</subfield>
    </datafield>
    <datafield tag="917" ind1=" " ind2=" ">
      <subfield code="o">OPL</subfield>
      <subfield code="a">003977318</subfield>
      <subfield code="b">AMA</subfield>
    </datafield>
    <datafield tag="917" ind1=" " ind2=" ">
      <subfield code="o">OPL</subfield>
      <subfield code="a">004093920</subfield>
      <subfield code="b">ATU</subfield>
    </datafield>
  </record>
  <record>
    <leader>01015c0 at22000272  45  </leader>
    <controlfield tag="001">FRBNF120854945</controlfield>
    <controlfield tag="003">http://catalogue.bnf.fr/ark:/12148/cb12085494k</controlfield>
    <controlfield tag="008">880922120323zzheb                                            1   </controlfield>
    <datafield tag="141" ind1=" " ind2=" ">
      <subfield code="w">.0..baheb.</subfield>
      <subfield code="a">Zohar ḥadaš</subfield>
    </datafield>
    <datafield tag="141" ind1=" " ind2=" ">
      <subfield code="w">.0..h.heb.</subfield>
      <subfield code="a">זהר חדש</subfield>
    </datafield>
    <datafield tag="301" ind1=" " ind2=" ">
      <subfield code="3">12008414</subfield>
      <subfield code="w">.1..b.fre.</subfield>
      <subfield code="a">Zohar</subfield>
    </datafield>
    <datafield tag="441" ind1=" " ind2=" ">
      <subfield code="w">....b.fre.</subfield>
      <subfield code="a">Nouveau Zohar</subfield>
    </datafield>
    <datafield tag="441" ind1=" " ind2=" ">
      <subfield code="w">....buheb.</subfield>
      <subfield code="a">Sefer Zohar ḥadach</subfield>
    </datafield>
    <datafield tag="441" ind1=" " ind2=" ">
      <subfield code="w">....buheb.</subfield>
      <subfield code="a">Zohar ẖadach</subfield>
    </datafield>
    <datafield tag="600" ind1=" " ind2=" ">
      <subfield code="a">Recueil de textes trouvés dans les manuscrits des kabbalistes de Safed, et rassemblés par Abraham ben Éliézer ha-Lévi Beroukhim</subfield>
      <subfield code="a">Partie du Zohar imprimée à Safed au XVIe s. seulement, c'est-à-dire après le Zohar proprement dit</subfield>
    </datafield>
    <datafield tag="610" ind1=" " ind2=" ">
      <subfield code="a">National library of Israel : Zohar ḥadaš (caractères hébreux ici translittérés selon la norme ISO 259.2, 1995)</subfield>
      <subfield code="u">http://web.nli.org.il</subfield>
      <subfield code="d">2012-02-08</subfield>
    </datafield>
    <datafield tag="610" ind1=" " ind2=" ">
      <subfield code="a">Encycl. Judaica (sous : Zohar) : Zohar Ḥadash</subfield>
      <subfield code="u">http://go.galegroup.com</subfield>
      <subfield code="d">2012-02-08</subfield>
      <subfield code="a">Dict. encycl. du judaïsme (sous : Zohar) : Zohar ẖadach</subfield>
    </datafield>
    <datafield tag="610" ind1=" " ind2=" ">
      <subfield code="a">BnF Service hébreu, 2012-02-08</subfield>
    </datafield>
    <datafield tag="624" ind1=" " ind2=" ">
      <subfield code="a">200</subfield>
    </datafield>
    <datafield tag="907" ind1=" " ind2=" ">
      <subfield code="o">GEA</subfield>
      <subfield code="a">002041558</subfield>
    </datafield>
    <datafield tag="917" ind1=" " ind2=" ">
      <subfield code="o">OPL</subfield>
      <subfield code="a">004133959</subfield>
    </datafield>
  </record>
  <record>
    <leader>01295c1 as2200027   45  </leader>
    <controlfield tag="001">FRBNF157276492</controlfield>
    <controlfield tag="003">http://catalogue.bnf.fr/ark:/12148/cb157276495</controlfield>
    <controlfield tag="008">080710080710zzdan                                            1   </controlfield>
    <datafield tag="040" ind1=" " ind2=" ">
      <subfield code="a">dk</subfield>
      <subfield code="a">no</subfield>
    </datafield>
    <datafield tag="043" ind1=" " ind2=" ">
      <subfield code="o">te</subfield>
    </datafield>
    <datafield tag="145" ind1="0" ind2="6">
      <subfield code="w">.0..b.dan.</subfield>
      <subfield code="a">Alterbog</subfield>
    </datafield>
    <datafield tag="445" ind1="0" ind2="6">
      <subfield code="w">....b.dan.</subfield>
      <subfield code="a">Alterbogen</subfield>
    </datafield>
    <datafield tag="445" ind1="0" ind2="6">
      <subfield code="w">....b.dan.</subfield>
      <subfield code="a">Forordnet Alterbog udi Danmark og Norge</subfield>
    </datafield>
    <datafield tag="600" ind1=" " ind2=" ">
      <subfield code="a">Livre liturgique de l'Église luthérienne danoise contenant essentiellement des prières et des lectures bibliques pour les offices des jours de fête et des dimanches</subfield>
      <subfield code="a">Première édition en 1556, par l'évêque Peder Palladius, comprenant les textes des Épîtres, Évangiles et les rites de communion, de baptême et de mariage. Nouvelle éd. en 1688 par l'évêque Hans Bagger, sous le titre "Forordnet Alterbog udi Danmark og Norge", influencée par le "Book of common prayer" de l'Église d'Angleterre</subfield>
      <subfield code="a">Au XVIIIe s., diverses éditions voient de nouvelles transformations : introduction de la confirmation (1736) ; suppression de certains jours de fête (1770), de l'exorcisme (1783). En 1885, ajout d'une nouvelle série de textes de prêches</subfield>
    </datafield>
    <datafield tag="600" ind1=" " ind2=" ">
      <subfield code="a">En usage au Danemark jusqu'en 1992, remplacé par "Den danske alterbog" ou "Gudstjenesteordning for den Danske Folkekirke"</subfield>
      <subfield code="a">En usage en Norvège jusqu'en 1889, remplacé par "Alterbog for den norske kirke"</subfield>
    </datafield>
    <datafield tag="610" ind1=" " ind2=" ">
      <subfield code="a">Den store danske encyklopædi : Alterbog</subfield>
      <subfield code="a">Store Norske (sous : Alterbok)</subfield>
    </datafield>
  </record>