
  <record>
    <leader>00995c1 as22000272  45  </leader>
    <controlfield tag="001">FRBNF166355597</controlfield>
    <controlfield tag="003">http://catalogue.bnf.fr/ark:/12148/cb16635559w</controlfield>
    <controlfield tag="008">121022121023yyara           11..                             010 </controlfield>
    <datafield tag="043" ind1=" " ind2=" ">
      <subfield code="o">te</subfield>
    </datafield>
    <datafield tag="100" ind1=" " ind2=" ">
      <subfield code="3">16614107</subfield>
      <subfield code="1">ISNI0000000120761331</subfield>
      <subfield code="w">.0..bbara.</subfield>
      <subfield code="a">Raṣṣās</subfield>
      <subfield code="m">Al-Ḥasan ibn Muḥammad ibn Abī Bakr al-</subfield>
      <subfield code="d">1152-1188</subfield>
    </datafield>
    <datafield tag="145" ind1="1" ind2="6">
      <subfield code="w">.0..bbara.</subfield>
      <subfield code="a">Al-muʾaṯṯirāt wa miftāḥ al-muškilāt</subfield>
    </datafield>
    <datafield tag="145" ind1="1" ind2="6">
      <subfield code="w">.0..f.ara.</subfield>
      <subfield code="a">المؤثّرات و مفتاح المشكلات</subfield>
    </datafield>
    <datafield tag="445" ind1="1" ind2="6">
      <subfield code="w">....bbara.</subfield>
      <subfield code="a">Kitāb al-muʾaṯṯirāt wa miftāḥ al-muškilāt</subfield>
    </datafield>
    <datafield tag="445" ind1="1" ind2="6">
      <subfield code="w">....f.ara.</subfield>
      <subfield code="a">كتاب المؤثرات و مفتاح المشكلات</subfield>
    </datafield>
    <datafield tag="600" ind1=" " ind2=" ">
      <subfield code="a">Ouvrage de théologie muʿtazilite</subfield>
    </datafield>
    <datafield tag="610" ind1=" " ind2=" ">
      <subfield code="a">Al-aʿlām / H̱ayr al-Dīn al-Ziriklī, 1990 (sous : Al-Raṣṣāṣ) : Al-muʾaṯṯirāt wa miftāḥ al-muškilāt</subfield>
    </datafield>
    <datafield tag="610" ind1=" " ind2=" ">
      <subfield code="a">Bnf Service arabe, 2012-10-22</subfield>
    </datafield>
    <datafield tag="624" ind1=" " ind2=" ">
      <subfield code="a">200</subfield>
    </datafield>
  </record>
  <record>
    <leader>00421n1 as2200027   45  </leader>
    <controlfield tag="001">FRBNF170487334</controlfield>
    <controlfield tag="003">http://catalogue.bnf.fr/ark:/12148/cb17048733s</controlfield>
    <controlfield tag="008">160526      de              1985                             1  1</controlfield>
    <datafield tag="043" ind1=" " ind2=" ">
      <subfield code="o">au</subfield>
    </datafield>
    <datafield tag="145" ind1="0" ind2="3">
      <subfield code="w">.0..b.eng.</subfield>
      <subfield code="a">Dancing Eurynome</subfield>
      <subfield code="e">film</subfield>
    </datafield>
    <datafield tag="321" ind1=" " ind2=" ">
      <subfield code="3">14653358</subfield>
      <subfield code="9">100</subfield>
      <subfield code="w"> 0  b     </subfield>
      <subfield code="a">Bódy</subfield>
      <subfield code="m">Gábor</subfield>
      <subfield code="d">1946-1985</subfield>
    </datafield>
    <datafield tag="460" ind1=" " ind2=" ">
      <subfield code="w">....b.....</subfield>
      <subfield code="a">Bódy</subfield>
      <subfield code="m">Gábor</subfield>
      <subfield code="d">1946-1985</subfield>
      <subfield code="t">De occulta philosophia, nach Agrippa von Nettesheim</subfield>
    </datafield>
    <datafield tag="600" ind1=" " ind2=" ">
      <subfield code="a">Court métrage</subfield>
      <subfield code="a">Art vidéo</subfield>
    </datafield>
    <datafield tag="610" ind1=" " ind2=" ">
      <subfield code="a">Filmportal.de</subfield>
      <subfield code="u">http://www.filmportal.de</subfield>
      <subfield code="d">2016-05-26</subfield>
    </datafield>
    <datafield tag="624" ind1=" " ind2=" ">
      <subfield code="a">791</subfield>
    </datafield>
  </record>
  <record>
    <leader>00505c0 as22000272  45  </leader>
    <controlfield tag="001">FRBNF119733900</controlfield>
    <controlfield tag="003">http://catalogue.bnf.fr/ark:/12148/cb11973390n</controlfield>
    <controlfield tag="008">850623220811oospa           1973      1977                   210 </controlfield>
    <datafield tag="040" ind1=" " ind2=" ">
      <subfield code="b">cshh</subfield>
    </datafield>
    <datafield tag="043" ind1=" " ind2=" ">
      <subfield code="o">au</subfield>
    </datafield>
    <datafield tag="061" ind1=" " ind2=" ">
      <subfield code="a">er</subfield>
      <subfield code="h">erpo</subfield>
    </datafield>
    <datafield tag="145" ind1="0" ind2=" ">
      <subfield code="w">.0 .b.spa.</subfield>
      <subfield code="a">Chile vencerá</subfield>
      <subfield code="e">émission radiophonique</subfield>
    </datafield>
    <datafield tag="600" ind1=" " ind2=" ">
      <subfield code="a">Émission  diffusée à destination de l'Amérique latine</subfield>
    </datafield>
    <datafield tag="609" ind1=" " ind2=" ">
      <subfield code="r">dif1</subfield>
      <subfield code="d">1973-09</subfield>
      <subfield code="t">sur Radio-Prague</subfield>
    </datafield>
    <datafield tag="609" ind1=" " ind2=" ">
      <subfield code="r">dif9</subfield>
      <subfield code="d">1977</subfield>
      <subfield code="t">sur Radio-Prague</subfield>
    </datafield>
    <datafield tag="610" ind1=" " ind2=" ">
      <subfield code="u">https://espanol.radio.cz/programa-especial-65-anos-de-radio-praga-8036256</subfield>
      <subfield code="d">2022-08-11</subfield>
    </datafield>
    <datafield tag="610" ind1=" " ind2=" ">
      <subfield code="a">LCNA 1977-1986</subfield>
    </datafield>
    <datafield tag="907" ind1=" " ind2=" ">
      <subfield code="o">GEA</subfield>
      <subfield code="a">001059215</subfield>
    </datafield>
    <datafield tag="917" ind1=" " ind2=" ">
      <subfield code="o">OPL</subfield>
      <subfield code="a">002086425</subfield>
    </datafield>
  </record>
  <record>
    <leader>00357c1 as22000272  45  </leader>
    <controlfield tag="001">FRBNF162347464</controlfield>
    <controlfield tag="003">http://catalogue.bnf.fr/ark:/12148/cb162347465</controlfield>
    <controlfield tag="008">101006101007deger           1984                             210 </controlfield>
    <datafield tag="043" ind1=" " ind2=" ">
      <subfield code="o">au</subfield>
      <subfield code="b">et</subfield>
    </datafield>
    <datafield tag="145" ind1="0" ind2=" ">
      <subfield code="w">.0..b.ger.</subfield>
      <subfield code="a">Holokaust</subfield>
      <subfield code="e">émission télévisée</subfield>
    </datafield>
    <datafield tag="600" ind1=" " ind2=" ">
      <subfield code="a">Emission documentaire diffusée sur ZDF</subfield>
    </datafield>
    <datafield tag="610" ind1=" " ind2=" ">
      <subfield code="a">Zeugenschaft im Film : Eine erinnerungskulturelle Analyse filmischer Erzählungen des Holocaust / Michael Elm, 2008</subfield>
    </datafield>
    <datafield tag="624" ind1=" " ind2=" ">
      <subfield code="a">791</subfield>
    </datafield>
  </record>
  <record>
    <leader>00559c1 as22000272  45  </leader>
    <controlfield tag="001">FRBNF177770744</controlfield>
    <controlfield tag="003">http://catalogue.bnf.fr/ark:/12148/cb177770741</controlfield>
    <controlfield tag="008">181123220927clspa           1962      2015                   210 </controlfield>
    <datafield tag="043" ind1=" " ind2=" ">
      <subfield code="o">au</subfield>
    </datafield>
    <datafield tag="061" ind1=" " ind2=" ">
      <subfield code="a">et</subfield>
      <subfield code="e">etdi</subfield>
    </datafield>
    <datafield tag="145" ind1="0" ind2=" ">
      <subfield code="w">.0..b.spa.</subfield>
      <subfield code="a">Sabados gigantes</subfield>
      <subfield code="e">émission télévisée</subfield>
    </datafield>
    <datafield tag="609" ind1=" " ind2=" ">
      <subfield code="r">dif1</subfield>
      <subfield code="p">cl</subfield>
      <subfield code="d">1962-08-05</subfield>
      <subfield code="t">sur Canal 13</subfield>
    </datafield>
    <datafield tag="609" ind1=" " ind2=" ">
      <subfield code="r">dif9</subfield>
      <subfield code="p">cl</subfield>
      <subfield code="d">2015-09-19</subfield>
      <subfield code="t">sur Canal 13</subfield>
    </datafield>
    <datafield tag="610" ind1=" " ind2=" ">
      <subfield code="a">"Así, así se mueve don Francisco" : un estudio sobre Sábados gigantes y la televisión / J. Carlos Altamirano Celis, 1987</subfield>
    </datafield>
    <datafield tag="610" ind1=" " ind2=" ">
      <subfield code="a">Wikipédia</subfield>
      <subfield code="u">https://fr.wikipedia.org/wiki/S%C3%A1bado_gigante</subfield>
      <subfield code="d">2018-11-23</subfield>
    </datafield>
    <datafield tag="624" ind1=" " ind2=" ">
      <subfield code="a">791</subfield>
    </datafield>
    <datafield tag="630" ind1=" " ind2=" ">
      <subfield code="a">Créée par Antonio Menchaca</subfield>
      <subfield code="a">Comprend  2778 émission</subfield>
    </datafield>
  </record>
  <record>
    <leader>00462c1 as2200027   45  </leader>
    <controlfield tag="001">FRBNF170268415</controlfield>
    <controlfield tag="003">http://catalogue.bnf.fr/ark:/12148/cb17026841s</controlfield>
    <controlfield tag="008">160216200325trtur           2006                             1   </controlfield>
    <datafield tag="043" ind1=" " ind2=" ">
      <subfield code="o">au</subfield>
    </datafield>
    <datafield tag="145" ind1="0" ind2="3">
      <subfield code="w">.0..b.tur.</subfield>
      <subfield code="a">Kader</subfield>
      <subfield code="e">film</subfield>
    </datafield>
    <datafield tag="321" ind1=" " ind2=" ">
      <subfield code="3">15596562</subfield>
      <subfield code="9">100</subfield>
      <subfield code="w">.0..b.....</subfield>
      <subfield code="a">Demirkubuz</subfield>
      <subfield code="m">Zeki</subfield>
      <subfield code="d">1964-....</subfield>
    </datafield>
    <datafield tag="445" ind1="0" ind2="3">
      <subfield code="w">....b.eng.</subfield>
      <subfield code="a">Destiny</subfield>
      <subfield code="e">film</subfield>
    </datafield>
    <datafield tag="460" ind1=" " ind2=" ">
      <subfield code="w">....b.....</subfield>
      <subfield code="a">Demirkubuz</subfield>
      <subfield code="m">Zeki</subfield>
      <subfield code="d">1964-....</subfield>
      <subfield code="t">Kader</subfield>
    </datafield>
    <datafield tag="460" ind1=" " ind2=" ">
      <subfield code="w">....b.....</subfield>
      <subfield code="a">Demirkubuz</subfield>
      <subfield code="m">Zeki</subfield>
      <subfield code="d">1964-....</subfield>
      <subfield code="t">Destiny</subfield>
    </datafield>
    <datafield tag="600" ind1=" " ind2=" ">
      <subfield code="a">Long métrage</subfield>
      <subfield code="a">Fiction</subfield>
    </datafield>
    <datafield tag="610" ind1=" " ind2=" ">
      <subfield code="a">IMDB</subfield>
      <subfield code="u">http://www.imdb.com/title/tt0875595</subfield>
      <subfield code="d">2016-02-16</subfield>
    </datafield>
    <datafield tag="624" ind1=" " ind2=" ">
      <subfield code="a">791</subfield>
    </datafield>
  </record>
  <record>
    <leader>00680c0 as22000272  45  </leader>
    <controlfield tag="001">FRBNF124663567</controlfield>
    <controlfield tag="003">http://catalogue.bnf.fr/ark:/12148/cb124663568</controlfield>
    <controlfield tag="008">950601221216useng           1928      1955                   210 </controlfield>
    <datafield tag="043" ind1=" " ind2=" ">
      <subfield code="o">au</subfield>
      <subfield code="g">1</subfield>
    </datafield>
    <datafield tag="061" ind1=" " ind2=" ">
      <subfield code="a">sr</subfield>
    </datafield>
    <datafield tag="145" ind1="0" ind2=" ">
      <subfield code="w">.0 .b.eng.</subfield>
      <subfield code="a">Amos 'n' Andy</subfield>
      <subfield code="e">série radiophonique</subfield>
    </datafield>
    <datafield tag="301" ind1="8" ind2=" ">
      <subfield code="3">12466359</subfield>
      <subfield code="t">Amos 'n' Andy (série télévisée)</subfield>
    </datafield>
    <datafield tag="609" ind1=" " ind2=" ">
      <subfield code="r">dif1</subfield>
      <subfield code="d">1928</subfield>
      <subfield code="t">sur Chicago radio station WMAQ</subfield>
    </datafield>
    <datafield tag="609" ind1=" " ind2=" ">
      <subfield code="r">dif9</subfield>
      <subfield code="d">1955</subfield>
      <subfield code="t">sur Chicago radio station WMAQ</subfield>
    </datafield>
    <datafield tag="610" ind1=" " ind2=" ">
      <subfield code="a">Britannica, The Editors of Encyclopaedia. "Amos ‘n' Andy Show". Encyclopedia Britannica, 12 Jun. 2019</subfield>
      <subfield code="u">https://www.britannica.com/topic/Amos-n-Andy-American-radio-program</subfield>
      <subfield code="d">2022-12-16</subfield>
    </datafield>
    <datafield tag="610" ind1=" " ind2=" ">
      <subfield code="a">LCNA, 1977-1984</subfield>
    </datafield>
    <datafield tag="624" ind1=" " ind2=" ">
      <subfield code="a">791</subfield>
    </datafield>
    <datafield tag="630" ind1=" " ind2=" ">
      <subfield code="a">Sur une idée originale de Freeman Gosden et Charles Correll</subfield>
    </datafield>
    <datafield tag="907" ind1=" " ind2=" ">
      <subfield code="o">GEA</subfield>
      <subfield code="a">006113492</subfield>
    </datafield>
    <datafield tag="917" ind1=" " ind2=" ">
      <subfield code="o">OPL</subfield>
      <subfield code="a">011463462</subfield>
    </datafield>
  </record>
  <record>
    <leader>00469c0 as22000272  45  </leader>
    <controlfield tag="001">FRBNF155024069</controlfield>
    <controlfield tag="003">http://catalogue.bnf.fr/ark:/12148/cb15502406c</controlfield>
    <controlfield tag="008">070123120102useng           1966      1967                   010 </controlfield>
    <datafield tag="043" ind1=" " ind2=" ">
      <subfield code="o">au</subfield>
    </datafield>
    <datafield tag="145" ind1="0" ind2="3">
      <subfield code="w">.0 .b.eng.</subfield>
      <subfield code="a">The green hornet</subfield>
      <subfield code="e">série télévisée</subfield>
    </datafield>
    <datafield tag="445" ind1="0" ind2="3">
      <subfield code="w">.  .b.fre.</subfield>
      <subfield code="a">Le frelon vert</subfield>
      <subfield code="e">série télévisée</subfield>
    </datafield>
    <datafield tag="600" ind1=" " ind2=" ">
      <subfield code="a">Série télévisée américaine en 26 épisodes. Première diffusion aux États-Unis en 1966 sur ABC, en 1986 en France</subfield>
    </datafield>
    <datafield tag="610" ind1=" " ind2=" ">
      <subfield code="a">IMDB</subfield>
      <subfield code="u">http://www.imdb.com/</subfield>
      <subfield code="d">2007-01-24</subfield>
    </datafield>
    <datafield tag="624" ind1=" " ind2=" ">
      <subfield code="a">791</subfield>
    </datafield>
    <datafield tag="996" ind1=" " ind2=" ">
      <subfield code="o">OPP</subfield>
      <subfield code="a">14294472</subfield>
      <subfield code="d">20120102</subfield>
    </datafield>
    <datafield tag="996" ind1=" " ind2=" ">
      <subfield code="o">OPP</subfield>
      <subfield code="a">14292955</subfield>
      <subfield code="d">20120102</subfield>
    </datafield>
  </record>
  <record>
    <leader>00646c0 as22000272  45  </leader>
    <controlfield tag="001">FRBNF165995726</controlfield>
    <controlfield tag="003">http://catalogue.bnf.fr/ark:/12148/cb165995724</controlfield>
    <controlfield tag="008">120525230320useng           2002      2008                   210 </controlfield>
    <datafield tag="043" ind1=" " ind2=" ">
      <subfield code="o">au</subfield>
      <subfield code="g">1</subfield>
    </datafield>
    <datafield tag="061" ind1=" " ind2=" ">
      <subfield code="a">st</subfield>
      <subfield code="g">stpj</subfield>
    </datafield>
    <datafield tag="145" ind1="0" ind2="3">
      <subfield code="w">.0 .b.eng.</subfield>
      <subfield code="a">The wire</subfield>
      <subfield code="e">série télévisée</subfield>
    </datafield>
    <datafield tag="321" ind1=" " ind2=" ">
      <subfield code="r">Sur une idée originale de</subfield>
      <subfield code="3">14046958</subfield>
      <subfield code="9">100</subfield>
      <subfield code="w"> 0  b     </subfield>
      <subfield code="a">Simon</subfield>
      <subfield code="m">David</subfield>
      <subfield code="d">1960-....</subfield>
    </datafield>
    <datafield tag="445" ind1="0" ind2="3">
      <subfield code="w">.  .b.fre.</subfield>
      <subfield code="a">Sur écoute</subfield>
      <subfield code="e">série télévisée</subfield>
    </datafield>
    <datafield tag="609" ind1=" " ind2=" ">
      <subfield code="r">dif1</subfield>
      <subfield code="p">us</subfield>
      <subfield code="d">2002-06-02</subfield>
      <subfield code="t">sur HBO</subfield>
    </datafield>
    <datafield tag="609" ind1=" " ind2=" ">
      <subfield code="r">dif9</subfield>
      <subfield code="p">us</subfield>
      <subfield code="d">2008-03-09</subfield>
      <subfield code="t">sur HBO</subfield>
    </datafield>
    <datafield tag="609" ind1=" " ind2=" ">
      <subfield code="r">dif1</subfield>
      <subfield code="p">fr</subfield>
      <subfield code="d">2004-01-08</subfield>
      <subfield code="t">sur Jimmy</subfield>
    </datafield>
    <datafield tag="610" ind1=" " ind2=" ">
      <subfield code="a">IMDb</subfield>
      <subfield code="u">https://www.imdb.com</subfield>
      <subfield code="d">2023-03-20</subfield>
    </datafield>
    <datafield tag="610" ind1=" " ind2=" ">
      <subfield code="a">The Wire : reconstitution collective / ouvrage dirigé par Emmanuel Burdeau et Nicolas Vieillescazes, 2011</subfield>
    </datafield>
    <datafield tag="624" ind1=" " ind2=" ">
      <subfield code="a">791</subfield>
    </datafield>
    <datafield tag="630" ind1=" " ind2=" ">
      <subfield code="a">Comprend 60 épisodes en 5 saisons</subfield>
    </datafield>
  </record>
  <record>
    <leader>00575c0 as22000272  45  </leader>
    <controlfield tag="001">FRBNF124663599</controlfield>
    <controlfield tag="003">http://catalogue.bnf.fr/ark:/12148/cb124663599</controlfield>
    <controlfield tag="008">950601221216useng           1951      1953                   210 </controlfield>
    <datafield tag="043" ind1=" " ind2=" ">
      <subfield code="o">au</subfield>
      <subfield code="g">1</subfield>
    </datafield>
    <datafield tag="061" ind1=" " ind2=" ">
      <subfield code="a">st</subfield>
    </datafield>
    <datafield tag="145" ind1="0" ind2="3">
      <subfield code="w">.0 .b.eng.</subfield>
      <subfield code="a">Amos 'n' Andy</subfield>
      <subfield code="e">série télévisée</subfield>
    </datafield>
    <datafield tag="301" ind1="7" ind2=" ">
      <subfield code="3">12466356</subfield>
      <subfield code="t">Amos 'n' Andy (série radiophonique)</subfield>
    </datafield>
    <datafield tag="609" ind1=" " ind2=" ">
      <subfield code="r">dif9</subfield>
      <subfield code="p">us</subfield>
      <subfield code="d">1953</subfield>
      <subfield code="t">sur CBS</subfield>
    </datafield>
    <datafield tag="609" ind1=" " ind2=" ">
      <subfield code="r">dif1</subfield>
      <subfield code="p">us</subfield>
      <subfield code="d">1951</subfield>
      <subfield code="t">sur CBS</subfield>
    </datafield>
    <datafield tag="610" ind1=" " ind2=" ">
      <subfield code="a">LCNA, 1977-1984</subfield>
    </datafield>
    <datafield tag="610" ind1=" " ind2=" ">
      <subfield code="a">Britannica, The Editors of Encyclopaedia. "Amos ‘n' Andy Show". Encyclopedia Britannica, 12 Jun. 2019</subfield>
      <subfield code="u">https://www.britannica.com/topic/Amos-n-Andy-American-radio-program</subfield>
      <subfield code="d">2022-12-16</subfield>
    </datafield>
    <datafield tag="624" ind1=" " ind2=" ">
      <subfield code="a">791</subfield>
    </datafield>
    <datafield tag="907" ind1=" " ind2=" ">
      <subfield code="o">GEA</subfield>
      <subfield code="a">006113503</subfield>
    </datafield>
    <datafield tag="917" ind1=" " ind2=" ">
      <subfield code="o">OPL</subfield>
      <subfield code="a">011463494</subfield>
    </datafield>
  </record>
  <record>
    <leader>00398c0 as22000272  45  </leader>
    <controlfield tag="001">FRBNF142912447</controlfield>
    <controlfield tag="003">http://catalogue.bnf.fr/ark:/12148/cb14291244b</controlfield>
    <controlfield tag="008">030310230523zzeng           1988                             1   </controlfield>
    <datafield tag="032" ind1=" " ind2=" ">
      <subfield code="a">0000-0000-8DB2-0000-G-0000-0000-Q</subfield>
    </datafield>
    <datafield tag="040" ind1=" " ind2=" ">
      <subfield code="a">us</subfield>
      <subfield code="a">ca</subfield>
    </datafield>
    <datafield tag="043" ind1=" " ind2=" ">
      <subfield code="o">au</subfield>
    </datafield>
    <datafield tag="061" ind1=" " ind2=" ">
      <subfield code="a">tf</subfield>
      <subfield code="b">ff</subfield>
      <subfield code="k">ml</subfield>
    </datafield>
    <datafield tag="145" ind1="0" ind2="3">
      <subfield code="w"> 0  b eng </subfield>
      <subfield code="a">Apology</subfield>
      <subfield code="e">film</subfield>
    </datafield>
    <datafield tag="321" ind1="3" ind2=" ">
      <subfield code="3">14079710</subfield>
      <subfield code="9">100</subfield>
      <subfield code="w"> 0  b     </subfield>
      <subfield code="a">Bierman</subfield>
      <subfield code="m">Robert</subfield>
    </datafield>
    <datafield tag="460" ind1=" " ind2=" ">
      <subfield code="w">....b.....</subfield>
      <subfield code="a">Bierman</subfield>
      <subfield code="m">Robert</subfield>
      <subfield code="t">Apology</subfield>
    </datafield>
    <datafield tag="609" ind1=" " ind2=" ">
      <subfield code="r">dif1</subfield>
      <subfield code="p">us</subfield>
      <subfield code="d">1986-07-27</subfield>
    </datafield>
    <datafield tag="610" ind1=" " ind2=" ">
      <subfield code="a">IMDb</subfield>
      <subfield code="u">http://www.imdb.com</subfield>
      <subfield code="d">2016-06-13</subfield>
    </datafield>
  </record>
  <record>
    <leader>00441c0 as22000272  45  </leader>
    <controlfield tag="001">FRBNF142917437</controlfield>
    <controlfield tag="003">http://catalogue.bnf.fr/ark:/12148/cb14291743c</controlfield>
    <controlfield tag="008">030310170717deger           1986                             1   </controlfield>
    <datafield tag="043" ind1=" " ind2=" ">
      <subfield code="a">rt</subfield>
    </datafield>
    <datafield tag="145" ind1="0" ind2="3">
      <subfield code="w"> 0  b ger </subfield>
      <subfield code="a">Der Tausch</subfield>
      <subfield code="e">téléfilm</subfield>
    </datafield>
    <datafield tag="321" ind1="3" ind2=" ">
      <subfield code="3">10904606</subfield>
      <subfield code="9">100</subfield>
      <subfield code="w"> 0  b     </subfield>
      <subfield code="a">Hofmann</subfield>
      <subfield code="m">Ilse</subfield>
      <subfield code="e">1949-....</subfield>
    </datafield>
    <datafield tag="460" ind1=" " ind2=" ">
      <subfield code="w">....b.....</subfield>
      <subfield code="a">Hofmann</subfield>
      <subfield code="m">Ilse</subfield>
      <subfield code="d">1949-....</subfield>
      <subfield code="t">Der Tausch</subfield>
    </datafield>
    <datafield tag="502" ind1=" " ind2=" ">
      <subfield code="3">13515109</subfield>
      <subfield code="t">Tatort (série télévisée)</subfield>
    </datafield>
    <datafield tag="600" ind1=" " ind2=" ">
      <subfield code="a">Épisode de la série télévisée Tatort</subfield>
    </datafield>
    <datafield tag="609" ind1=" " ind2=" ">
      <subfield code="r">dif1</subfield>
      <subfield code="p">de</subfield>
      <subfield code="d">1986-04-13</subfield>
    </datafield>
    <datafield tag="610" ind1=" " ind2=" ">
      <subfield code="a">IMDb</subfield>
      <subfield code="u">http://www.imdb.com</subfield>
      <subfield code="d">2017-07-17</subfield>
    </datafield>
  </record>
  <record>
    <leader>00616c0 as22000272  45  </leader>
    <controlfield tag="001">FRBNF142931472</controlfield>
    <controlfield tag="003">http://catalogue.bnf.fr/ark:/12148/cb14293147k</controlfield>
    <controlfield tag="008">030310180818zzeng           1988                             1   </controlfield>
    <datafield tag="032" ind1=" " ind2=" ">
      <subfield code="a">0000-0000-4651-0000-B-0000-0000-4</subfield>
    </datafield>
    <datafield tag="040" ind1=" " ind2=" ">
      <subfield code="a">it</subfield>
      <subfield code="a">fr</subfield>
      <subfield code="a">es</subfield>
      <subfield code="a">at</subfield>
      <subfield code="a">de</subfield>
    </datafield>
    <datafield tag="043" ind1=" " ind2=" ">
      <subfield code="a">rt</subfield>
      <subfield code="b">tf</subfield>
    </datafield>
    <datafield tag="145" ind1="0" ind2="3">
      <subfield code="w">.0..b.ita.</subfield>
      <subfield code="a">Il treno di Lenin</subfield>
      <subfield code="e">film</subfield>
    </datafield>
    <datafield tag="321" ind1="3" ind2=" ">
      <subfield code="3">13892942</subfield>
      <subfield code="9">100</subfield>
      <subfield code="w"> 0  b     </subfield>
      <subfield code="a">Damiani</subfield>
      <subfield code="m">Damiano</subfield>
      <subfield code="d">1922-2013</subfield>
    </datafield>
    <datafield tag="445" ind1="0" ind2="3">
      <subfield code="w">....b.eng.</subfield>
      <subfield code="a">Lenin, the train</subfield>
      <subfield code="e">film</subfield>
    </datafield>
    <datafield tag="460" ind1=" " ind2=" ">
      <subfield code="w">....b.....</subfield>
      <subfield code="a">Damiani</subfield>
      <subfield code="m">Damiano</subfield>
      <subfield code="d">1922-2013</subfield>
      <subfield code="t">Il treno di Lenin</subfield>
    </datafield>
    <datafield tag="460" ind1=" " ind2=" ">
      <subfield code="w">....b.....</subfield>
      <subfield code="a">Damiani</subfield>
      <subfield code="m">Damiano</subfield>
      <subfield code="d">1922-2013</subfield>
      <subfield code="t">Lenin, the train</subfield>
    </datafield>
    <datafield tag="600" ind1=" " ind2=" ">
      <subfield code="a">Téléfilm</subfield>
    </datafield>
    <datafield tag="609" ind1=" " ind2=" ">
      <subfield code="r">dif1</subfield>
      <subfield code="p">it</subfield>
      <subfield code="d">1988-11-30</subfield>
      <subfield code="t">sur la chaîne Rai Uno</subfield>
    </datafield>
    <datafield tag="609" ind1=" " ind2=" ">
      <subfield code="r">dif1</subfield>
      <subfield code="p">fr</subfield>
      <subfield code="d">1990-04-30</subfield>
    </datafield>
    <datafield tag="610" ind1=" " ind2=" ">
      <subfield code="a">IMDb</subfield>
      <subfield code="u">http://www.imdb.com</subfield>
      <subfield code="d">2017-05-30</subfield>
    </datafield>
  </record>
  <record>
    <leader>00435c1 as2200027   45  </leader>
    <controlfield tag="001">FRBNF170600344</controlfield>
    <controlfield tag="003">http://catalogue.bnf.fr/ark:/12148/cb17060034p</controlfield>
    <controlfield tag="008">160716190710frfre           2012                             010 </controlfield>
    <datafield tag="043" ind1=" " ind2=" ">
      <subfield code="o">au</subfield>
    </datafield>
    <datafield tag="061" ind1=" " ind2=" ">
      <subfield code="a">ws</subfield>
      <subfield code="b">ff</subfield>
      <subfield code="k">mc</subfield>
    </datafield>
    <datafield tag="145" ind1="0" ind2="3">
      <subfield code="w">.0..b.....</subfield>
      <subfield code="a">Hard Corner</subfield>
      <subfield code="f">web-série</subfield>
    </datafield>
    <datafield tag="321" ind1="3" ind2=" ">
      <subfield code="3">17043147</subfield>
      <subfield code="9">100</subfield>
      <subfield code="w">.0.2b.....</subfield>
      <subfield code="a">Benzaie</subfield>
      <subfield code="d">1987-....</subfield>
    </datafield>
    <datafield tag="460" ind1=" " ind2=" ">
      <subfield code="w">....b.....</subfield>
      <subfield code="a">Benzaie</subfield>
      <subfield code="d">1987-....</subfield>
      <subfield code="t">Hard Corner</subfield>
    </datafield>
    <datafield tag="600" ind1=" " ind2=" ">
      <subfield code="a">Chronique</subfield>
    </datafield>
    <datafield tag="610" ind1=" " ind2=" ">
      <subfield code="a">La Charente libre</subfield>
      <subfield code="u">http://www.charentelibre.fr/2013/12/25/le-geek-est-riche-de-la-nostalgie-video,1872182.php</subfield>
      <subfield code="d">2016-07-16</subfield>
    </datafield>
  </record>
  <record>
    <leader>00658c0 as2200027   45  </leader>
    <controlfield tag="001">FRBNF177623783</controlfield>
    <controlfield tag="003">http://catalogue.bnf.fr/ark:/12148/cb17762378t</controlfield>
    <controlfield tag="008">180924181106frfre           2012                             010 </controlfield>
    <datafield tag="032" ind1=" " ind2=" ">
      <subfield code="a">0000-0003-548A-0000-Z-0000-0000-6</subfield>
    </datafield>
    <datafield tag="043" ind1=" " ind2=" ">
      <subfield code="o">au</subfield>
    </datafield>
    <datafield tag="061" ind1=" " ind2=" ">
      <subfield code="a">wd</subfield>
      <subfield code="k">mc</subfield>
    </datafield>
    <datafield tag="145" ind1="0" ind2="3">
      <subfield code="w">.0..b.fre.</subfield>
      <subfield code="a">Nos guerres d'Algérie</subfield>
      <subfield code="e">web-documentaire</subfield>
    </datafield>
    <datafield tag="321" ind1="3" ind2=" ">
      <subfield code="3">16658425</subfield>
      <subfield code="9">100</subfield>
      <subfield code="w">.0..b.....</subfield>
      <subfield code="a">Ferrando</subfield>
      <subfield code="m">Antoine</subfield>
    </datafield>
    <datafield tag="460" ind1=" " ind2=" ">
      <subfield code="w">....b.....</subfield>
      <subfield code="a">Ferrando</subfield>
      <subfield code="m">Antoine</subfield>
      <subfield code="t">Nos guerres d'Algérie</subfield>
    </datafield>
    <datafield tag="510" ind1=" " ind2=" ">
      <subfield code="3">11864183</subfield>
      <subfield code="9">110</subfield>
      <subfield code="w">20..b.....</subfield>
      <subfield code="a">France 3</subfield>
    </datafield>
    <datafield tag="609" ind1=" " ind2=" ">
      <subfield code="r">cop0</subfield>
      <subfield code="d">2012</subfield>
    </datafield>
    <datafield tag="609" ind1=" " ind2=" ">
      <subfield code="r">dif1</subfield>
      <subfield code="p">fr</subfield>
      <subfield code="d">2012-07</subfield>
      <subfield code="t">sur la chaîne France 3</subfield>
    </datafield>
    <datafield tag="610" ind1=" " ind2=" ">
      <subfield code="a">Blog Djehouti</subfield>
      <subfield code="u">http://blog.djehouti.com/portfolios/france-3-nos-guerres-dalgerie/</subfield>
      <subfield code="d">2018-09-24</subfield>
    </datafield>
    <datafield tag="624" ind1=" " ind2=" ">
      <subfield code="a">791</subfield>
    </datafield>
    <datafield tag="624" ind1=" " ind2=" ">
      <subfield code="a">940</subfield>
    </datafield>
    <datafield tag="631" ind1=" " ind2=" ">
      <subfield code="a">Partie 1 : le grand-père de Gabrielle</subfield>
      <subfield code="a">Partie 2 : le père de Karim</subfield>
    </datafield>
  </record>
  <record>
    <leader>00522n1 as22000272  45  </leader>
    <controlfield tag="001">FRBNF171335240</controlfield>
    <controlfield tag="003">http://catalogue.bnf.fr/ark:/12148/cb171335241</controlfield>
    <controlfield tag="008">170614      zzfre           2002                             1   </controlfield>
    <datafield tag="032" ind1=" " ind2=" ">
      <subfield code="a">0000-0000-CE0B-0000-Z-0000-0000-6</subfield>
    </datafield>
    <datafield tag="040" ind1=" " ind2=" ">
      <subfield code="a">fr</subfield>
      <subfield code="a">ch</subfield>
      <subfield code="a">be</subfield>
    </datafield>
    <datafield tag="043" ind1=" " ind2=" ">
      <subfield code="a">ci</subfield>
    </datafield>
    <datafield tag="145" ind1="0" ind2="3">
      <subfield code="w">.0..b.....</subfield>
      <subfield code="a">B comme Béjart</subfield>
      <subfield code="e">film</subfield>
    </datafield>
    <datafield tag="321" ind1="3" ind2=" ">
      <subfield code="3">13543523</subfield>
      <subfield code="9">100</subfield>
      <subfield code="w">.0 .b.....</subfield>
      <subfield code="a">Schüpbach</subfield>
      <subfield code="m">Marcel</subfield>
      <subfield code="d">1950-....</subfield>
    </datafield>
    <datafield tag="460" ind1=" " ind2=" ">
      <subfield code="w">....b.....</subfield>
      <subfield code="a">Schüpbach</subfield>
      <subfield code="m">Marcel</subfield>
      <subfield code="d">1950-....</subfield>
      <subfield code="t">B comme Béjart</subfield>
    </datafield>
    <datafield tag="600" ind1=" " ind2=" ">
      <subfield code="a">Long métrage</subfield>
      <subfield code="a">Documentaire</subfield>
    </datafield>
    <datafield tag="609" ind1=" " ind2=" ">
      <subfield code="r">cop0</subfield>
      <subfield code="d">2002</subfield>
    </datafield>
    <datafield tag="610" ind1=" " ind2=" ">
      <subfield code="a">Film-documentaire.fr</subfield>
      <subfield code="u">http://www.film-documentaire.fr/</subfield>
      <subfield code="d">2017-06-14</subfield>
    </datafield>
    <datafield tag="610" ind1=" " ind2=" ">
      <subfield code="a">IMDb</subfield>
      <subfield code="u">http://www.imdb.com</subfield>
      <subfield code="d">2017-06-14</subfield>
    </datafield>
  </record>
  <record>
    <leader>00603n1 as2200027   45  </leader>
    <controlfield tag="001">FRBNF177668401</controlfield>
    <controlfield tag="003">http://catalogue.bnf.fr/ark:/12148/cb17766840g</controlfield>
    <controlfield tag="008">181011      frfre           1997                             1   </controlfield>
    <datafield tag="032" ind1=" " ind2=" ">
      <subfield code="a">0000-0001-97D8-0000-T-0000-0000-O</subfield>
    </datafield>
    <datafield tag="043" ind1=" " ind2=" ">
      <subfield code="a">ci</subfield>
    </datafield>
    <datafield tag="145" ind1="0" ind2="3">
      <subfield code="w">.0..b.fre.</subfield>
      <subfield code="a">Les caméléons</subfield>
      <subfield code="e">film</subfield>
    </datafield>
    <datafield tag="301" ind1=" " ind2=" ">
      <subfield code="3">17766845</subfield>
      <subfield code="a">Nadj</subfield>
      <subfield code="m">Josef</subfield>
      <subfield code="d">1957-....</subfield>
      <subfield code="t">Le cri du caméléon</subfield>
    </datafield>
    <datafield tag="321" ind1="3" ind2=" ">
      <subfield code="3">13892454</subfield>
      <subfield code="9">100</subfield>
      <subfield code="w"> 0  b     </subfield>
      <subfield code="a">Chevallier</subfield>
      <subfield code="m">Laurent</subfield>
      <subfield code="d">1955-....</subfield>
      <subfield code="e">réalisateur</subfield>
    </datafield>
    <datafield tag="460" ind1=" " ind2=" ">
      <subfield code="w">....b.....</subfield>
      <subfield code="a">Chevallier</subfield>
      <subfield code="m">Laurent</subfield>
      <subfield code="d">1955-....</subfield>
      <subfield code="t">Les caméléons</subfield>
    </datafield>
    <datafield tag="600" ind1=" " ind2=" ">
      <subfield code="a">Moyen métrage</subfield>
      <subfield code="a">Documentaire</subfield>
    </datafield>
    <datafield tag="609" ind1=" " ind2=" ">
      <subfield code="r">cop0</subfield>
      <subfield code="d">1997</subfield>
    </datafield>
    <datafield tag="610" ind1=" " ind2=" ">
      <subfield code="a">Le film documentaire</subfield>
      <subfield code="u">http://www.film-documentaire.fr/</subfield>
      <subfield code="d">2018-10-11</subfield>
    </datafield>
    <datafield tag="610" ind1=" " ind2=" ">
      <subfield code="a">Arte</subfield>
      <subfield code="u">http://download.pro.arte.tv/</subfield>
      <subfield code="d">2018-10-11</subfield>
    </datafield>
    <datafield tag="624" ind1=" " ind2=" ">
      <subfield code="a">791</subfield>
    </datafield>
  </record>
  <record>
    <leader>00510c0 as22000272  45  </leader>
    <controlfield tag="001">FRBNF170840122</controlfield>
    <controlfield tag="003">http://catalogue.bnf.fr/ark:/12148/cb17084012r</controlfield>
    <controlfield tag="008">161107190412cnchi           1991                             1   </controlfield>
    <datafield tag="043" ind1=" " ind2=" ">
      <subfield code="o">au</subfield>
    </datafield>
    <datafield tag="061" ind1=" " ind2=" ">
      <subfield code="a">fi</subfield>
    </datafield>
    <datafield tag="145" ind1="0" ind2="3">
      <subfield code="w">.0..b.chi.</subfield>
      <subfield code="a">Mao Zedong he ta de er zi</subfield>
      <subfield code="e">film</subfield>
    </datafield>
    <datafield tag="321" ind1="3" ind2=" ">
      <subfield code="3">17083983</subfield>
      <subfield code="a">Zhang</subfield>
      <subfield code="m">Jinbiao</subfield>
    </datafield>
    <datafield tag="445" ind1="0" ind2="3">
      <subfield code="w">....b.eng.</subfield>
      <subfield code="a">Mao Zedong and his son</subfield>
      <subfield code="e">film</subfield>
    </datafield>
    <datafield tag="460" ind1=" " ind2=" ">
      <subfield code="w">....b.....</subfield>
      <subfield code="a">Zhang</subfield>
      <subfield code="m">Jinbiao</subfield>
      <subfield code="t">Mao Zedong he ta de er zi</subfield>
    </datafield>
    <datafield tag="460" ind1=" " ind2=" ">
      <subfield code="w">....b.....</subfield>
      <subfield code="a">Zhang</subfield>
      <subfield code="m">Jinbiao</subfield>
      <subfield code="t">Mao Zedong and his son</subfield>
    </datafield>
    <datafield tag="600" ind1=" " ind2=" ">
      <subfield code="a">Long métrage</subfield>
      <subfield code="a">Fiction</subfield>
      <subfield code="a">Film biographique</subfield>
    </datafield>
    <datafield tag="609" ind1=" " ind2=" ">
      <subfield code="r">cop0</subfield>
      <subfield code="d">1991</subfield>
    </datafield>
    <datafield tag="610" ind1=" " ind2=" ">
      <subfield code="a">BFI</subfield>
      <subfield code="u">https://www.bfi.org.uk/</subfield>
      <subfield code="d">2019-04-12</subfield>
    </datafield>
    <datafield tag="624" ind1=" " ind2=" ">
      <subfield code="a">791</subfield>
    </datafield>
  </record>
  <record>
    <leader>00587c1 as2200027   45  </leader>
    <controlfield tag="001">FRBNF170157984</controlfield>
    <controlfield tag="003">http://catalogue.bnf.fr/ark:/12148/cb170157981</controlfield>
    <controlfield tag="008">151229201208plpol           2001                             1   </controlfield>
    <datafield tag="032" ind1=" " ind2=" ">
      <subfield code="a">0000-0001-DC26-0000-V-0000-0000-I</subfield>
    </datafield>
    <datafield tag="043" ind1=" " ind2=" ">
      <subfield code="o">au</subfield>
    </datafield>
    <datafield tag="145" ind1="0" ind2="3">
      <subfield code="w">.0..b.pol.</subfield>
      <subfield code="a">Poranek kojota</subfield>
      <subfield code="e">film</subfield>
    </datafield>
    <datafield tag="321" ind1=" " ind2=" ">
      <subfield code="3">14038476</subfield>
      <subfield code="9">100</subfield>
      <subfield code="w"> 0  b     </subfield>
      <subfield code="a">Lubaszenko</subfield>
      <subfield code="m">Olaf</subfield>
      <subfield code="d">1968-....</subfield>
    </datafield>
    <datafield tag="445" ind1="0" ind2="3">
      <subfield code="w">....b.eng.</subfield>
      <subfield code="a">Coyote's morning</subfield>
      <subfield code="e">film</subfield>
    </datafield>
    <datafield tag="460" ind1=" " ind2=" ">
      <subfield code="w">....b.....</subfield>
      <subfield code="a">Lubaszenko</subfield>
      <subfield code="m">Olaf</subfield>
      <subfield code="d">1968-....</subfield>
      <subfield code="t">Poranek kojota</subfield>
    </datafield>
    <datafield tag="460" ind1=" " ind2=" ">
      <subfield code="w">....b.....</subfield>
      <subfield code="a">Lubaszenko</subfield>
      <subfield code="m">Olaf</subfield>
      <subfield code="d">1968-....</subfield>
      <subfield code="t">Coyote's morning</subfield>
    </datafield>
    <datafield tag="600" ind1=" " ind2=" ">
      <subfield code="a">Long métrage</subfield>
      <subfield code="a">Fiction</subfield>
      <subfield code="a">Film burlesque, comédie</subfield>
    </datafield>
    <datafield tag="610" ind1=" " ind2=" ">
      <subfield code="a">Filmpolski.pl</subfield>
      <subfield code="u">http://www.filmpolski.pl/fp/index.php?film=129139</subfield>
      <subfield code="d">2015-12-29</subfield>
    </datafield>
    <datafield tag="624" ind1=" " ind2=" ">
      <subfield code="a">791</subfield>
    </datafield>
  </record>
  <record>
    <leader>00962c1 as22000272  45  </leader>
    <controlfield tag="001">FRBNF164587230</controlfield>
    <controlfield tag="003">http://catalogue.bnf.fr/ark:/12148/cb164587237</controlfield>
    <controlfield tag="008">950622170222useng           1977                             010 </controlfield>
    <datafield tag="032" ind1=" " ind2=" ">
      <subfield code="a">0000-0000-1AF9-0000-F-0000-0000-T</subfield>
    </datafield>
    <datafield tag="043" ind1=" " ind2=" ">
      <subfield code="a">ci</subfield>
    </datafield>
    <datafield tag="145" ind1="0" ind2="3">
      <subfield code="w">.0..b.eng.</subfield>
      <subfield code="a">Airport '77</subfield>
      <subfield code="e">film</subfield>
    </datafield>
    <datafield tag="321" ind1="3" ind2=" ">
      <subfield code="3">14108394</subfield>
      <subfield code="9">100</subfield>
      <subfield code="w">.0..b.....</subfield>
      <subfield code="a">Jameson</subfield>
      <subfield code="m">Jerry</subfield>
      <subfield code="d">1934-....</subfield>
    </datafield>
    <datafield tag="445" ind1="0" ind2="3">
      <subfield code="w">....b.fre.</subfield>
      <subfield code="a">Les naufragés du 747</subfield>
      <subfield code="e">film</subfield>
    </datafield>
    <datafield tag="445" ind1="0" ind2="3">
      <subfield code="w">    b eng </subfield>
      <subfield code="a">Airport 1977</subfield>
      <subfield code="e">film</subfield>
    </datafield>
    <datafield tag="460" ind1=" " ind2=" ">
      <subfield code="w">....b.....</subfield>
      <subfield code="a">Jameson</subfield>
      <subfield code="m">Jerry</subfield>
      <subfield code="t">Airport '77</subfield>
    </datafield>
    <datafield tag="460" ind1=" " ind2=" ">
      <subfield code="w">....b.....</subfield>
      <subfield code="a">Jameson</subfield>
      <subfield code="m">Jerry</subfield>
      <subfield code="t">Les naufragés du 747</subfield>
    </datafield>
    <datafield tag="460" ind1=" " ind2=" ">
      <subfield code="w">....b.....</subfield>
      <subfield code="a">Jameson</subfield>
      <subfield code="m">Jerry</subfield>
      <subfield code="t">Airport 1977</subfield>
    </datafield>
    <datafield tag="600" ind1=" " ind2=" ">
      <subfield code="a">Long métrage</subfield>
      <subfield code="a">Fiction</subfield>
      <subfield code="a">Film catastrophe</subfield>
      <subfield code="a">Inspiré du roman d'Arthur Hailey "Airport"</subfield>
    </datafield>
    <datafield tag="609" ind1=" " ind2=" ">
      <subfield code="r">cop0</subfield>
      <subfield code="d">1977</subfield>
    </datafield>
    <datafield tag="609" ind1=" " ind2=" ">
      <subfield code="r">sor1</subfield>
      <subfield code="p">us</subfield>
      <subfield code="d">1977-03-11</subfield>
    </datafield>
    <datafield tag="609" ind1=" " ind2=" ">
      <subfield code="r">sor0</subfield>
      <subfield code="p">fr</subfield>
      <subfield code="d">1977-08-31</subfield>
    </datafield>
    <datafield tag="610" ind1=" " ind2=" ">
      <subfield code="a">Ciné-ressources : catalogue collectif des bibliothèques et archives de cinéma</subfield>
      <subfield code="u">http://www.cineressources.net/</subfield>
      <subfield code="d">2017-02-09</subfield>
    </datafield>
    <datafield tag="610" ind1=" " ind2=" ">
      <subfield code="a">IMDB</subfield>
      <subfield code="u">http://www.imdb.com/title/tt0075648/</subfield>
      <subfield code="d">2017-02-09</subfield>
    </datafield>
    <datafield tag="624" ind1=" " ind2=" ">
      <subfield code="a">791</subfield>
    </datafield>
    <datafield tag="917" ind1=" " ind2=" ">
      <subfield code="o">OPP</subfield>
      <subfield code="a">39518195</subfield>
      <subfield code="b">SPE</subfield>
    </datafield>
    <datafield tag="917" ind1=" " ind2=" ">
      <subfield code="o">OPS</subfield>
      <subfield code="a">000028630</subfield>
      <subfield code="b">SPE</subfield>
    </datafield>
  </record>
  <record>
    <leader>00681c0 as22000272  45  </leader>
    <controlfield tag="001">FRBNF137505930</controlfield>
    <controlfield tag="003">http://catalogue.bnf.fr/ark:/12148/cb137505931</controlfield>
    <controlfield tag="008">011029160715zzfre           2000                             010 </controlfield>
    <datafield tag="032" ind1=" " ind2=" ">
      <subfield code="a">0000-0000-A795-0000-8-0000-0000-D</subfield>
    </datafield>
    <datafield tag="040" ind1=" " ind2=" ">
      <subfield code="a">fr</subfield>
      <subfield code="a">us</subfield>
    </datafield>
    <datafield tag="043" ind1=" " ind2=" ">
      <subfield code="o">au</subfield>
    </datafield>
    <datafield tag="145" ind1="0" ind2="3">
      <subfield code="w">.0 .b.fre.</subfield>
      <subfield code="a">Le baiser mortel du dragon</subfield>
      <subfield code="e">film</subfield>
    </datafield>
    <datafield tag="321" ind1="3" ind2=" ">
      <subfield code="3">13750592</subfield>
      <subfield code="9">100</subfield>
      <subfield code="w">.0 .b.....</subfield>
      <subfield code="a">Nahon</subfield>
      <subfield code="m">Chris</subfield>
      <subfield code="d">1968-....</subfield>
    </datafield>
    <datafield tag="460" ind1=" " ind2=" ">
      <subfield code="w">....b.....</subfield>
      <subfield code="a">Nahon</subfield>
      <subfield code="m">Chris</subfield>
      <subfield code="d">1968-....</subfield>
      <subfield code="t">Le baiser mortel du dragon</subfield>
    </datafield>
    <datafield tag="600" ind1=" " ind2=" ">
      <subfield code="a">Long métrage</subfield>
      <subfield code="a">Fiction</subfield>
      <subfield code="a">Film d'arts martiaux</subfield>
      <subfield code="a">Film policier, thriller, espionnage</subfield>
    </datafield>
    <datafield tag="609" ind1=" " ind2=" ">
      <subfield code="r">cop0</subfield>
      <subfield code="d">2000</subfield>
    </datafield>
    <datafield tag="609" ind1=" " ind2=" ">
      <subfield code="r">sor0</subfield>
      <subfield code="p">fr</subfield>
      <subfield code="d">2001-08-01</subfield>
    </datafield>
    <datafield tag="610" ind1=" " ind2=" ">
      <subfield code="a">Ciné-ressources : catalogue collectif des bibliothèques et archives de cinéma</subfield>
      <subfield code="u">http://www.cineressources.net/</subfield>
      <subfield code="d">2016-06-07</subfield>
    </datafield>
    <datafield tag="624" ind1=" " ind2=" ">
      <subfield code="a">791</subfield>
    </datafield>
    <datafield tag="907" ind1=" " ind2=" ">
      <subfield code="o">GEA</subfield>
      <subfield code="a">009708883</subfield>
    </datafield>
    <datafield tag="917" ind1=" " ind2=" ">
      <subfield code="o">OPL</subfield>
      <subfield code="a">015754159</subfield>
    </datafield>
  </record>
  <record>
    <leader>01080c0 as22000272  45  </leader>
    <controlfield tag="001">FRBNF14444145X</controlfield>
    <controlfield tag="003">http://catalogue.bnf.fr/ark:/12148/cb14444145f</controlfield>
    <controlfield tag="008">021227210309useng           1932                             010 </controlfield>
    <datafield tag="016" ind1=" " ind2=" ">
      <subfield code="a">37266</subfield>
    </datafield>
    <datafield tag="032" ind1=" " ind2=" ">
      <subfield code="a">0000-0003-14F4-0000-L-0000-0000-B</subfield>
    </datafield>
    <datafield tag="043" ind1=" " ind2=" ">
      <subfield code="o">au</subfield>
    </datafield>
    <datafield tag="061" ind1=" " ind2=" ">
      <subfield code="a">fi</subfield>
      <subfield code="b">ff</subfield>
      <subfield code="c">ffaa</subfield>
      <subfield code="c">ffdr</subfield>
      <subfield code="k">ml</subfield>
    </datafield>
    <datafield tag="145" ind1="0" ind2="3">
      <subfield code="w">.0..b.eng.</subfield>
      <subfield code="a">Shanghai express</subfield>
      <subfield code="f">film</subfield>
    </datafield>
    <datafield tag="321" ind1="3" ind2=" ">
      <subfield code="3">12117840</subfield>
      <subfield code="9">100</subfield>
      <subfield code="w">.0..b.....</subfield>
      <subfield code="a">Von Sternberg</subfield>
      <subfield code="m">Josef</subfield>
      <subfield code="d">1894-1969</subfield>
    </datafield>
    <datafield tag="445" ind1="0" ind2="3">
      <subfield code="w">....b.fre.</subfield>
      <subfield code="a">Shangai express</subfield>
      <subfield code="f">film</subfield>
    </datafield>
    <datafield tag="460" ind1=" " ind2=" ">
      <subfield code="w">....b.....</subfield>
      <subfield code="a">Von Sternberg</subfield>
      <subfield code="m">Josef</subfield>
      <subfield code="d">1894-1969</subfield>
      <subfield code="t">Shanghai express</subfield>
    </datafield>
    <datafield tag="460" ind1=" " ind2=" ">
      <subfield code="w">....b.....</subfield>
      <subfield code="a">Von Sternberg</subfield>
      <subfield code="m">Josef</subfield>
      <subfield code="d">1894-1969</subfield>
      <subfield code="t">Shangai express</subfield>
    </datafield>
    <datafield tag="609" ind1=" " ind2=" ">
      <subfield code="r">cop0</subfield>
      <subfield code="d">1932</subfield>
    </datafield>
    <datafield tag="609" ind1=" " ind2=" ">
      <subfield code="r">sor0</subfield>
      <subfield code="p">fr</subfield>
      <subfield code="d">1932-04-22</subfield>
    </datafield>
    <datafield tag="610" ind1=" " ind2=" ">
      <subfield code="a">Dict. du cinéma : les réalisateurs / Jean Tulard, 1992</subfield>
    </datafield>
    <datafield tag="610" ind1=" " ind2=" ">
      <subfield code="a">Morocco and Shanghai express : two films by Josef von Sternberg, 1973</subfield>
    </datafield>
    <datafield tag="610" ind1=" " ind2=" ">
      <subfield code="a">Ciné-ressources : catalogue collectif des bibliothèques et archives de cinéma</subfield>
      <subfield code="u">http://www.cineressources.net/</subfield>
      <subfield code="d">2016-10-10</subfield>
    </datafield>
    <datafield tag="610" ind1=" " ind2=" ">
      <subfield code="a">Registre des visas et de la classification du CNC</subfield>
      <subfield code="u">https://www.cnc.fr/professionnels/visas-et-classification/37266</subfield>
      <subfield code="d">2021-03-09</subfield>
    </datafield>
    <datafield tag="624" ind1=" " ind2=" ">
      <subfield code="a">791</subfield>
    </datafield>
    <datafield tag="917" ind1=" " ind2=" ">
      <subfield code="o">OPP</subfield>
      <subfield code="a">39523623</subfield>
      <subfield code="b">SPE</subfield>
    </datafield>
    <datafield tag="917" ind1=" " ind2=" ">
      <subfield code="o">OPS</subfield>
      <subfield code="a">000085270</subfield>
      <subfield code="b">SPE</subfield>
    </datafield>
    <datafield tag="996" ind1=" " ind2=" ">
      <subfield code="o">OPP</subfield>
      <subfield code="a">14665046</subfield>
      <subfield code="d">20140314</subfield>
    </datafield>
  </record>
  <record>
    <leader>01198c1 as22000272  45  </leader>
    <controlfield tag="001">FRBNF14438888X</controlfield>
    <controlfield tag="003">http://catalogue.bnf.fr/ark:/12148/cb14438888d</controlfield>
    <controlfield tag="008">021129230114caeng           1975                             010 </controlfield>
    <datafield tag="016" ind1=" " ind2=" ">
      <subfield code="a">45570</subfield>
    </datafield>
    <datafield tag="032" ind1=" " ind2=" ">
      <subfield code="a">0000-0001-61EC-0000-V-0000-0000-I</subfield>
    </datafield>
    <datafield tag="043" ind1=" " ind2=" ">
      <subfield code="o">au</subfield>
    </datafield>
    <datafield tag="061" ind1=" " ind2=" ">
      <subfield code="a">fi</subfield>
      <subfield code="b">ff</subfield>
      <subfield code="c">ffho</subfield>
      <subfield code="k">ml</subfield>
    </datafield>
    <datafield tag="145" ind1="0" ind2="3">
      <subfield code="w">.0..b.eng.</subfield>
      <subfield code="a">Shivers</subfield>
      <subfield code="f">film</subfield>
      <subfield code="d">1975</subfield>
    </datafield>
    <datafield tag="321" ind1="3" ind2=" ">
      <subfield code="3">12014326</subfield>
      <subfield code="9">100</subfield>
      <subfield code="w"> 0  b.....</subfield>
      <subfield code="a">Cronenberg</subfield>
      <subfield code="m">David</subfield>
      <subfield code="d">1943-....</subfield>
    </datafield>
    <datafield tag="445" ind1="0" ind2="3">
      <subfield code="w">....b.eng.</subfield>
      <subfield code="a">Parasite murders</subfield>
      <subfield code="f">film</subfield>
    </datafield>
    <datafield tag="445" ind1="0" ind2="3">
      <subfield code="w">....b.fre.</subfield>
      <subfield code="a">Frissons</subfield>
      <subfield code="f">film</subfield>
      <subfield code="d">1975</subfield>
    </datafield>
    <datafield tag="460" ind1=" " ind2=" ">
      <subfield code="w">....b.....</subfield>
      <subfield code="a">Cronenberg</subfield>
      <subfield code="m">David</subfield>
      <subfield code="d">1943-....</subfield>
      <subfield code="t">Shivers</subfield>
    </datafield>
    <datafield tag="460" ind1=" " ind2=" ">
      <subfield code="w">....b.....</subfield>
      <subfield code="a">Cronenberg</subfield>
      <subfield code="m">David</subfield>
      <subfield code="d">1943-....</subfield>
      <subfield code="t">Parasite murders</subfield>
    </datafield>
    <datafield tag="460" ind1=" " ind2=" ">
      <subfield code="w">....b.....</subfield>
      <subfield code="a">Cronenberg</subfield>
      <subfield code="m">David</subfield>
      <subfield code="d">1943-....</subfield>
      <subfield code="t">Frissons</subfield>
    </datafield>
    <datafield tag="609" ind1=" " ind2=" ">
      <subfield code="r">cop0</subfield>
      <subfield code="d">1975</subfield>
    </datafield>
    <datafield tag="609" ind1=" " ind2=" ">
      <subfield code="r">sor0</subfield>
      <subfield code="p">ca</subfield>
      <subfield code="d">1975-10-10</subfield>
    </datafield>
    <datafield tag="609" ind1=" " ind2=" ">
      <subfield code="r">sor0</subfield>
      <subfield code="p">fr</subfield>
      <subfield code="d">1976-08-04</subfield>
    </datafield>
    <datafield tag="610" ind1=" " ind2=" ">
      <subfield code="a">Dict. du cinéma / sous la dir. de Jean-Loup Passek, 1992</subfield>
    </datafield>
    <datafield tag="610" ind1=" " ind2=" ">
      <subfield code="a">Ciné-ressources : catalogue collectif des bibliothèques et archives de cinéma</subfield>
      <subfield code="u">http://www.cineressources.net</subfield>
      <subfield code="d">2016-04-05</subfield>
    </datafield>
    <datafield tag="610" ind1=" " ind2=" ">
      <subfield code="a">Registre des visas et de la classification du CNC</subfield>
      <subfield code="u">https://www.cnc.fr/professionnels/visas-et-classification/45570</subfield>
      <subfield code="d">2023-01-14</subfield>
    </datafield>
    <datafield tag="610" ind1=" " ind2=" ">
      <subfield code="a">IMDB (Internet movie database)</subfield>
      <subfield code="u">https://www.imdb.com/title/tt0073705/</subfield>
      <subfield code="d">2023-01-14</subfield>
    </datafield>
    <datafield tag="610" ind1=" " ind2=" ">
      <subfield code="a">Wikipédia</subfield>
      <subfield code="u">https://fr.wikipedia.org/wiki/Frissons_(film)</subfield>
      <subfield code="d">2023-01-14</subfield>
    </datafield>
    <datafield tag="610" ind1=" " ind2=" ">
      <subfield code="a">Collected screenplays / David Cronenberg, 2002</subfield>
    </datafield>
    <datafield tag="624" ind1=" " ind2=" ">
      <subfield code="a">791</subfield>
    </datafield>
  </record>
  <record>
    <leader>00604c1 as22000272  45  </leader>
    <controlfield tag="001">FRBNF171335475</controlfield>
    <controlfield tag="003">http://catalogue.bnf.fr/ark:/12148/cb17133547p</controlfield>
    <controlfield tag="008">170614170615be              1994                             1   </controlfield>
    <datafield tag="043" ind1=" " ind2=" ">
      <subfield code="a">ci</subfield>
    </datafield>
    <datafield tag="145" ind1="0" ind2="3">
      <subfield code="w">.0..b.eng.</subfield>
      <subfield code="a">Love sonnets</subfield>
      <subfield code="e">film</subfield>
    </datafield>
    <datafield tag="320" ind1="2" ind2=" ">
      <subfield code="3">13914595</subfield>
      <subfield code="9">144</subfield>
      <subfield code="a">Scarlatti</subfield>
      <subfield code="m">Domenico</subfield>
      <subfield code="d">1685-1757</subfield>
      <subfield code="t">[Sonates. Clavier. K 555. Fa mineur]</subfield>
    </datafield>
    <datafield tag="321" ind1="3" ind2=" ">
      <subfield code="3">13992409</subfield>
      <subfield code="9">100</subfield>
      <subfield code="w"> 0  b     </subfield>
      <subfield code="a">De Mey</subfield>
      <subfield code="m">Thierry</subfield>
      <subfield code="d">1956-....</subfield>
    </datafield>
    <datafield tag="460" ind1=" " ind2=" ">
      <subfield code="w">....b.....</subfield>
      <subfield code="a">De Mey</subfield>
      <subfield code="m">Thierry</subfield>
      <subfield code="d">1956-....</subfield>
      <subfield code="t">Love sonnets</subfield>
    </datafield>
    <datafield tag="600" ind1=" " ind2=" ">
      <subfield code="a">Court métrage</subfield>
      <subfield code="a">Film de danse sur une chorégraphie de Michèle Anne De Mey</subfield>
    </datafield>
    <datafield tag="609" ind1=" " ind2=" ">
      <subfield code="r">cop0</subfield>
      <subfield code="d">1994</subfield>
    </datafield>
    <datafield tag="610" ind1=" " ind2=" ">
      <subfield code="a">IMDb</subfield>
      <subfield code="u">http://www.imdb.com/</subfield>
      <subfield code="d">2017-06-14</subfield>
    </datafield>
    <datafield tag="610" ind1=" " ind2=" ">
      <subfield code="a">Numéridanse</subfield>
      <subfield code="u">http://www.numeridanse.tv/fr/video/1184_love-sonnets</subfield>
      <subfield code="d">2017-06-14</subfield>
    </datafield>
  </record>
  <record>
    <leader>01147c0 as22000272  45  </leader>
    <controlfield tag="001">FRBNF124359952</controlfield>
    <controlfield tag="003">http://catalogue.bnf.fr/ark:/12148/cb12435995z</controlfield>
    <controlfield tag="008">941214200901useng           1979                             010 </controlfield>
    <datafield tag="032" ind1=" " ind2=" ">
      <subfield code="a">0000-0001-4894-0000-1-0000-0000-Y</subfield>
    </datafield>
    <datafield tag="043" ind1=" " ind2=" ">
      <subfield code="o">au</subfield>
    </datafield>
    <datafield tag="061" ind1=" " ind2=" ">
      <subfield code="a">fi</subfield>
      <subfield code="b">ff</subfield>
      <subfield code="c">ffgu</subfield>
      <subfield code="k">ml</subfield>
    </datafield>
    <datafield tag="145" ind1="0" ind2="3">
      <subfield code="w">.0 .b.eng.</subfield>
      <subfield code="a">Apocalypse now</subfield>
      <subfield code="f">film</subfield>
    </datafield>
    <datafield tag="301" ind1="7" ind2=" ">
      <subfield code="3">11936152</subfield>
      <subfield code="a">Conrad</subfield>
      <subfield code="m">Joseph</subfield>
      <subfield code="d">1857-1924</subfield>
      <subfield code="t">Heart of darkness</subfield>
    </datafield>
    <datafield tag="301" ind1="2" ind2=" ">
      <subfield code="3">17875623</subfield>
      <subfield code="t">Apocalypse now redux (film)</subfield>
    </datafield>
    <datafield tag="321" ind1="3" ind2=" ">
      <subfield code="3">12373335</subfield>
      <subfield code="9">100</subfield>
      <subfield code="w">.0..b.....</subfield>
      <subfield code="a">Coppola</subfield>
      <subfield code="m">Francis Ford</subfield>
      <subfield code="d">1939-....</subfield>
    </datafield>
    <datafield tag="460" ind1=" " ind2=" ">
      <subfield code="w">....b.....</subfield>
      <subfield code="a">Coppola</subfield>
      <subfield code="m">Francis Ford</subfield>
      <subfield code="d">1939-....</subfield>
      <subfield code="t">Apocalypse now</subfield>
    </datafield>
    <datafield tag="609" ind1=" " ind2=" ">
      <subfield code="r">cop0</subfield>
      <subfield code="d">1979</subfield>
    </datafield>
    <datafield tag="609" ind1=" " ind2=" ">
      <subfield code="r">sor0</subfield>
      <subfield code="p">us</subfield>
      <subfield code="d">1979-08-15</subfield>
    </datafield>
    <datafield tag="609" ind1=" " ind2=" ">
      <subfield code="r">sor0</subfield>
      <subfield code="p">fr</subfield>
      <subfield code="d">1979-07-31</subfield>
    </datafield>
    <datafield tag="610" ind1=" " ind2=" ">
      <subfield code="a">Wikipédia</subfield>
      <subfield code="u">https://fr.wikipedia.org/wiki/Apocalypse_Now</subfield>
      <subfield code="d">2020-06-07</subfield>
    </datafield>
    <datafield tag="610" ind1=" " ind2=" ">
      <subfield code="a">Registre des visas et de la classification du CNC</subfield>
      <subfield code="u">https://www.cnc.fr/professionnels/visas-et-classification/44564</subfield>
      <subfield code="d">2020-06-07</subfield>
    </datafield>
    <datafield tag="610" ind1=" " ind2=" ">
      <subfield code="a">Ciné-ressources : catalogue collectif des bibliothèques et archives de cinéma</subfield>
      <subfield code="u">http://www.cineressources.net/</subfield>
      <subfield code="d">2016-08-02</subfield>
    </datafield>
    <datafield tag="610" ind1=" " ind2=" ">
      <subfield code="a">IMDb</subfield>
      <subfield code="u">http://www.imdb.com/title/tt0078788/</subfield>
      <subfield code="d">2019-11-18</subfield>
    </datafield>
    <datafield tag="624" ind1=" " ind2=" ">
      <subfield code="a">791</subfield>
    </datafield>
    <datafield tag="907" ind1=" " ind2=" ">
      <subfield code="o">GEA</subfield>
      <subfield code="a">006945980</subfield>
    </datafield>
    <datafield tag="917" ind1=" " ind2=" ">
      <subfield code="o">OPL</subfield>
      <subfield code="a">010731434</subfield>
    </datafield>
    <datafield tag="917" ind1=" " ind2=" ">
      <subfield code="o">OPP</subfield>
      <subfield code="a">39523060</subfield>
      <subfield code="b">SPE</subfield>
    </datafield>
    <datafield tag="917" ind1=" " ind2=" ">
      <subfield code="o">OPS</subfield>
      <subfield code="a">000079340</subfield>
      <subfield code="b">SPE</subfield>
    </datafield>
    <datafield tag="996" ind1=" " ind2=" ">
      <subfield code="o">OPP</subfield>
      <subfield code="a">14291242</subfield>
      <subfield code="d">20111124</subfield>
    </datafield>
    <datafield tag="996" ind1=" " ind2=" ">
      <subfield code="o">OPP</subfield>
      <subfield code="a">14291243</subfield>
      <subfield code="d">20111124</subfield>
    </datafield>
    <datafield tag="996" ind1=" " ind2=" ">
      <subfield code="o">OPP</subfield>
      <subfield code="a">16462433</subfield>
      <subfield code="d">20140108</subfield>
    </datafield>
  </record>
  <record>
    <leader>00599c1 as22000272  45  </leader>
    <controlfield tag="001">FRBNF144388694</controlfield>
    <controlfield tag="003">http://catalogue.bnf.fr/ark:/12148/cb144388694</controlfield>
    <controlfield tag="008">021129160405caeng           1968                             010 </controlfield>
    <datafield tag="043" ind1=" " ind2=" ">
      <subfield code="o">au</subfield>
    </datafield>
    <datafield tag="145" ind1="0" ind2="3">
      <subfield code="w">.0..b.eng.</subfield>
      <subfield code="a">Stereo</subfield>
      <subfield code="e">film</subfield>
    </datafield>
    <datafield tag="321" ind1=" " ind2=" ">
      <subfield code="3">12014326</subfield>
      <subfield code="9">100</subfield>
      <subfield code="w">.0..b.....</subfield>
      <subfield code="a">Cronenberg</subfield>
      <subfield code="m">David</subfield>
      <subfield code="d">1943-....</subfield>
    </datafield>
    <datafield tag="460" ind1=" " ind2=" ">
      <subfield code="w">....b.....</subfield>
      <subfield code="a">Cronenberg</subfield>
      <subfield code="m">David</subfield>
      <subfield code="d">1943-....</subfield>
      <subfield code="t">Stereo</subfield>
    </datafield>
    <datafield tag="600" ind1=" " ind2=" ">
      <subfield code="a">Long métrage</subfield>
      <subfield code="a">Fiction</subfield>
      <subfield code="a">Film de science-fiction</subfield>
    </datafield>
    <datafield tag="610" ind1=" " ind2=" ">
      <subfield code="a">Ciné-ressources : catalogue collectif des bibliothèques et archives de cinéma</subfield>
      <subfield code="u">http://www.cineressources.net</subfield>
      <subfield code="d">2016-04-05</subfield>
    </datafield>
    <datafield tag="610" ind1=" " ind2=" ">
      <subfield code="a">Dict. du cinéma / Jean-Louis Passek, 1995 (sous : Cronenberg, David)</subfield>
    </datafield>
    <datafield tag="610" ind1=" " ind2=" ">
      <subfield code="a">Collected screenplays / David Cronenberg, 2002</subfield>
    </datafield>
    <datafield tag="624" ind1=" " ind2=" ">
      <subfield code="a">791</subfield>
    </datafield>
  </record>
  <record>
    <leader>00960c0 as22000272  45  </leader>
    <controlfield tag="001">FRBNF12483109X</controlfield>
    <controlfield tag="003">http://catalogue.bnf.fr/ark:/12148/cb12483109w</controlfield>
    <controlfield tag="008">950926180410  ger           1982                             010 </controlfield>
    <datafield tag="032" ind1=" " ind2=" ">
      <subfield code="a">0000-0000-6E34-0000-O-0000-0000-2</subfield>
    </datafield>
    <datafield tag="043" ind1=" " ind2=" ">
      <subfield code="o">au</subfield>
    </datafield>
    <datafield tag="145" ind1="0" ind2="3">
      <subfield code="w">.  .b.ger.</subfield>
      <subfield code="a">Der Stand der Dinge</subfield>
      <subfield code="e">film</subfield>
    </datafield>
    <datafield tag="321" ind1="3" ind2=" ">
      <subfield code="3">12075529</subfield>
      <subfield code="9">100</subfield>
      <subfield code="w">.0..b.....</subfield>
      <subfield code="a">Wenders</subfield>
      <subfield code="m">Wim</subfield>
      <subfield code="d">1945-....</subfield>
    </datafield>
    <datafield tag="445" ind1="0" ind2="3">
      <subfield code="w">.  .b.fre.</subfield>
      <subfield code="a">L'état des choses</subfield>
      <subfield code="e">film</subfield>
    </datafield>
    <datafield tag="445" ind1="0" ind2="3">
      <subfield code="w">....b.eng </subfield>
      <subfield code="a">The state of things</subfield>
      <subfield code="e">film</subfield>
    </datafield>
    <datafield tag="460" ind1=" " ind2=" ">
      <subfield code="w">....b.....</subfield>
      <subfield code="a">Wenders</subfield>
      <subfield code="m">Wim</subfield>
      <subfield code="d">1945-....</subfield>
      <subfield code="t">Der Stand der Dinge</subfield>
    </datafield>
    <datafield tag="460" ind1=" " ind2=" ">
      <subfield code="w">....b.....</subfield>
      <subfield code="a">Wenders</subfield>
      <subfield code="m">Wim</subfield>
      <subfield code="d">1945-....</subfield>
      <subfield code="t">L'état des choses</subfield>
    </datafield>
    <datafield tag="460" ind1=" " ind2=" ">
      <subfield code="w">....b.....</subfield>
      <subfield code="a">Wenders</subfield>
      <subfield code="m">Wim</subfield>
      <subfield code="d">1945-....</subfield>
      <subfield code="t">The state of things</subfield>
    </datafield>
    <datafield tag="600" ind1=" " ind2=" ">
      <subfield code="a">Long métrage</subfield>
      <subfield code="a">Fiction</subfield>
      <subfield code="a">Film dramatique</subfield>
    </datafield>
    <datafield tag="609" ind1=" " ind2=" ">
      <subfield code="r">sor0</subfield>
      <subfield code="p">fr</subfield>
      <subfield code="d">1982-10-20</subfield>
    </datafield>
    <datafield tag="609" ind1=" " ind2=" ">
      <subfield code="r">tou0</subfield>
      <subfield code="d">1982</subfield>
    </datafield>
    <datafield tag="610" ind1=" " ind2=" ">
      <subfield code="a">Dict. du cinéma / sous la dir. de Jean-Loup Passek, 1995 (sous : Wenders, Wim)</subfield>
    </datafield>
    <datafield tag="610" ind1=" " ind2=" ">
      <subfield code="a">Ciné-ressources : catalogue collectif des bibliothèques et archives de cinéma</subfield>
      <subfield code="u">http://www.cineressources.net/</subfield>
      <subfield code="d">2016-05-30</subfield>
    </datafield>
    <datafield tag="610" ind1=" " ind2=" ">
      <subfield code="a">IMDb</subfield>
      <subfield code="u">http://www.imdb.com</subfield>
      <subfield code="d">2018-04-10</subfield>
    </datafield>
    <datafield tag="624" ind1=" " ind2=" ">
      <subfield code="a">791</subfield>
    </datafield>
    <datafield tag="907" ind1=" " ind2=" ">
      <subfield code="o">GEA</subfield>
      <subfield code="a">006499478</subfield>
    </datafield>
    <datafield tag="917" ind1=" " ind2=" ">
      <subfield code="o">OPL</subfield>
      <subfield code="a">011707870</subfield>
    </datafield>
  </record>
  <record>
    <leader>00436c0 as2200027   45  </leader>
    <controlfield tag="001">FRBNF170440391</controlfield>
    <controlfield tag="003">http://catalogue.bnf.fr/ark:/12148/cb17044039z</controlfield>
    <controlfield tag="008">160504201106itita           1977                             1   </controlfield>
    <datafield tag="043" ind1=" " ind2=" ">
      <subfield code="o">au</subfield>
    </datafield>
    <datafield tag="145" ind1="0" ind2="3">
      <subfield code="w">.0..b.ita.</subfield>
      <subfield code="a">La bella e la bestia</subfield>
      <subfield code="e">film</subfield>
      <subfield code="e">1977</subfield>
    </datafield>
    <datafield tag="321" ind1=" " ind2=" ">
      <subfield code="3">13899292</subfield>
      <subfield code="9">100</subfield>
      <subfield code="w"> 0  b     </subfield>
      <subfield code="a">Russo</subfield>
      <subfield code="m">Luigi</subfield>
      <subfield code="d">1931-....</subfield>
    </datafield>
    <datafield tag="460" ind1=" " ind2=" ">
      <subfield code="w">....b.....</subfield>
      <subfield code="a">Russo</subfield>
      <subfield code="m">Luigi</subfield>
      <subfield code="d">1931-....</subfield>
      <subfield code="t">La bella e la bestia</subfield>
    </datafield>
    <datafield tag="600" ind1=" " ind2=" ">
      <subfield code="a">Long métrage</subfield>
      <subfield code="a">Fiction</subfield>
      <subfield code="a">Film érotique</subfield>
    </datafield>
    <datafield tag="609" ind1=" " ind2=" ">
      <subfield code="r">cop0</subfield>
      <subfield code="d">1977</subfield>
    </datafield>
    <datafield tag="610" ind1=" " ind2=" ">
      <subfield code="a">IMDB</subfield>
      <subfield code="u">http://www.imdb.com/title/tt0075738/</subfield>
      <subfield code="d">2016-05-04</subfield>
    </datafield>
    <datafield tag="624" ind1=" " ind2=" ">
      <subfield code="a">791</subfield>
    </datafield>
  </record>
  <record>
    <leader>00970c0 as22000272  45  </leader>
    <controlfield tag="001">FRBNF12504867X</controlfield>
    <controlfield tag="003">http://catalogue.bnf.fr/ark:/12148/cb12504867r</controlfield>
    <controlfield tag="008">960311161202useng           1981                             010 </controlfield>
    <datafield tag="032" ind1=" " ind2=" ">
      <subfield code="a">0000-0000-2E29-0000-R-0000-0000-U</subfield>
    </datafield>
    <datafield tag="043" ind1=" " ind2=" ">
      <subfield code="a">ci</subfield>
    </datafield>
    <datafield tag="145" ind1="0" ind2="3">
      <subfield code="w">.0 .b.....</subfield>
      <subfield code="a">Excalibur</subfield>
      <subfield code="e">film</subfield>
    </datafield>
    <datafield tag="301" ind1="5" ind2=" ">
      <subfield code="3">12026251</subfield>
      <subfield code="a">Malory</subfield>
      <subfield code="m">Thomas</subfield>
      <subfield code="d">1408?-1471</subfield>
      <subfield code="t">Morte Darthur</subfield>
    </datafield>
    <datafield tag="321" ind1="3" ind2=" ">
      <subfield code="3">12175708</subfield>
      <subfield code="9">100</subfield>
      <subfield code="w">.0..b.....</subfield>
      <subfield code="a">Boorman</subfield>
      <subfield code="m">John</subfield>
      <subfield code="d">1933-....</subfield>
    </datafield>
    <datafield tag="460" ind1=" " ind2=" ">
      <subfield code="w">....b.....</subfield>
      <subfield code="a">Boorman</subfield>
      <subfield code="m">John</subfield>
      <subfield code="d">1933-....</subfield>
      <subfield code="t">Excalibur</subfield>
    </datafield>
    <datafield tag="600" ind1=" " ind2=" ">
      <subfield code="a">Long métrage</subfield>
      <subfield code="a">Fiction</subfield>
      <subfield code="a">Film fantastique</subfield>
    </datafield>
    <datafield tag="609" ind1=" " ind2=" ">
      <subfield code="r">cop0</subfield>
      <subfield code="d">1981</subfield>
    </datafield>
    <datafield tag="609" ind1=" " ind2=" ">
      <subfield code="r">sor0</subfield>
      <subfield code="p">fr</subfield>
      <subfield code="d">1981-05-27</subfield>
    </datafield>
    <datafield tag="609" ind1=" " ind2=" ">
      <subfield code="r">sor1</subfield>
      <subfield code="p">us</subfield>
      <subfield code="d">1981-04-10</subfield>
    </datafield>
    <datafield tag="610" ind1=" " ind2=" ">
      <subfield code="a">Dict. du cinéma / dir. Jean-Loup Passek, 1995</subfield>
    </datafield>
    <datafield tag="610" ind1=" " ind2=" ">
      <subfield code="a">Ciné-ressources : catalogue collectif des bibliothèques et archives de cinéma</subfield>
      <subfield code="u">http://www.cineressources.net/</subfield>
      <subfield code="d">2016-11-29</subfield>
    </datafield>
    <datafield tag="610" ind1=" " ind2=" ">
      <subfield code="a">Wikipédia</subfield>
      <subfield code="u">https://fr.wikipedia.org/wiki/Excalibur_%28film%29</subfield>
      <subfield code="d">2016-12-02</subfield>
    </datafield>
    <datafield tag="624" ind1=" " ind2=" ">
      <subfield code="a">791</subfield>
    </datafield>
    <datafield tag="907" ind1=" " ind2=" ">
      <subfield code="o">GEA</subfield>
      <subfield code="a">006583385</subfield>
    </datafield>
    <datafield tag="917" ind1=" " ind2=" ">
      <subfield code="o">OPL</subfield>
      <subfield code="a">012267655</subfield>
    </datafield>
    <datafield tag="917" ind1=" " ind2=" ">
      <subfield code="o">OPP</subfield>
      <subfield code="a">39520219</subfield>
      <subfield code="b">SPE</subfield>
    </datafield>
    <datafield tag="917" ind1=" " ind2=" ">
      <subfield code="o">OPS</subfield>
      <subfield code="a">000050090</subfield>
      <subfield code="b">SPE</subfield>
    </datafield>
    <datafield tag="996" ind1=" " ind2=" ">
      <subfield code="o">OPP</subfield>
      <subfield code="a">16460174</subfield>
      <subfield code="d">20140812</subfield>
    </datafield>
    <datafield tag="996" ind1=" " ind2=" ">
      <subfield code="o">OPP</subfield>
      <subfield code="a">14291931</subfield>
      <subfield code="d">20140812</subfield>
    </datafield>
  </record>
  <record>
    <leader>00906c1 as22000272  45  </leader>
    <controlfield tag="001">FRBNF146619897</controlfield>
    <controlfield tag="003">http://catalogue.bnf.fr/ark:/12148/cb146619899</controlfield>
    <controlfield tag="008">950622180618zzeng           1953                             010 </controlfield>
    <datafield tag="032" ind1=" " ind2=" ">
      <subfield code="a">0000-0000-64E2-0000-Z-0000-0000-6</subfield>
    </datafield>
    <datafield tag="040" ind1=" " ind2=" ">
      <subfield code="a">gb</subfield>
      <subfield code="a">us</subfield>
    </datafield>
    <datafield tag="043" ind1=" " ind2=" ">
      <subfield code="a">ci</subfield>
    </datafield>
    <datafield tag="145" ind1="0" ind2="3">
      <subfield code="w">.0..b.eng.</subfield>
      <subfield code="a">Rob Roy, the highland rogue</subfield>
      <subfield code="e">film</subfield>
    </datafield>
    <datafield tag="321" ind1="3" ind2=" ">
      <subfield code="3">13894156</subfield>
      <subfield code="9">100</subfield>
      <subfield code="w"> 0  b     </subfield>
      <subfield code="a">French</subfield>
      <subfield code="m">Harold</subfield>
      <subfield code="d">1897-1997</subfield>
    </datafield>
    <datafield tag="445" ind1="0" ind2="3">
      <subfield code="w">....b.fre.</subfield>
      <subfield code="a">Échec au roi</subfield>
      <subfield code="e">film</subfield>
      <subfield code="e">1953</subfield>
    </datafield>
    <datafield tag="460" ind1=" " ind2=" ">
      <subfield code="w">....b.....</subfield>
      <subfield code="a">French</subfield>
      <subfield code="m">Harold</subfield>
      <subfield code="d">1897-1997</subfield>
      <subfield code="t">Rob Roy, the highland rogue</subfield>
    </datafield>
    <datafield tag="460" ind1=" " ind2=" ">
      <subfield code="w">....b.....</subfield>
      <subfield code="a">French</subfield>
      <subfield code="m">Harold</subfield>
      <subfield code="d">1897-1997</subfield>
      <subfield code="t">Échec au roi</subfield>
    </datafield>
    <datafield tag="600" ind1=" " ind2=" ">
      <subfield code="a">Long métrage</subfield>
      <subfield code="a">Fiction</subfield>
      <subfield code="a">Film historique</subfield>
    </datafield>
    <datafield tag="609" ind1=" " ind2=" ">
      <subfield code="r">tou0</subfield>
      <subfield code="d">1953</subfield>
    </datafield>
    <datafield tag="609" ind1=" " ind2=" ">
      <subfield code="r">cop0</subfield>
      <subfield code="d">1953</subfield>
    </datafield>
    <datafield tag="609" ind1=" " ind2=" ">
      <subfield code="r">sor0</subfield>
      <subfield code="p">fr</subfield>
      <subfield code="d">1955-01-28</subfield>
    </datafield>
    <datafield tag="609" ind1=" " ind2=" ">
      <subfield code="r">sor0</subfield>
      <subfield code="p">gb</subfield>
      <subfield code="d">1953-10-26</subfield>
    </datafield>
    <datafield tag="610" ind1=" " ind2=" ">
      <subfield code="a">Ciné-ressources : catalogue collectif des bibliothèques et archives de cinéma</subfield>
      <subfield code="u">http://www.cineressources.net/</subfield>
      <subfield code="d">2018-06-18</subfield>
    </datafield>
    <datafield tag="610" ind1=" " ind2=" ">
      <subfield code="a">IMDb</subfield>
      <subfield code="u">https://www.imdb.com/title/tt0046246/</subfield>
      <subfield code="d">2018-06-18</subfield>
    </datafield>
    <datafield tag="624" ind1=" " ind2=" ">
      <subfield code="a">791</subfield>
    </datafield>
    <datafield tag="917" ind1=" " ind2=" ">
      <subfield code="o">OPP</subfield>
      <subfield code="a">39520101</subfield>
      <subfield code="b">SPE</subfield>
    </datafield>
    <datafield tag="917" ind1=" " ind2=" ">
      <subfield code="o">OPS</subfield>
      <subfield code="a">000048880</subfield>
      <subfield code="b">SPE</subfield>
    </datafield>
  </record>
  <record>
    <leader>00629c0 as2200027   45  </leader>
    <controlfield tag="001">FRBNF145910355</controlfield>
    <controlfield tag="003">http://catalogue.bnf.fr/ark:/12148/cb14591035b</controlfield>
    <controlfield tag="008">041216190716frfre           2003                             010 </controlfield>
    <datafield tag="032" ind1=" " ind2=" ">
      <subfield code="a">0000-0000-40F2-0000-6-0000-0000-J</subfield>
    </datafield>
    <datafield tag="043" ind1=" " ind2=" ">
      <subfield code="o">au</subfield>
    </datafield>
    <datafield tag="061" ind1=" " ind2=" ">
      <subfield code="a">fi</subfield>
      <subfield code="b">ff</subfield>
      <subfield code="c">ffmu</subfield>
      <subfield code="k">ml</subfield>
    </datafield>
    <datafield tag="145" ind1="0" ind2="3">
      <subfield code="w">.0..b.fre.</subfield>
      <subfield code="a">Pas sur la bouche</subfield>
      <subfield code="f">film</subfield>
      <subfield code="d">2003</subfield>
    </datafield>
    <datafield tag="320" ind1="7" ind2=" ">
      <subfield code="3">13988160</subfield>
      <subfield code="9">144</subfield>
      <subfield code="a">Yvain</subfield>
      <subfield code="m">Maurice</subfield>
      <subfield code="d">1891-1965</subfield>
      <subfield code="t">[Pas sur la bouche]</subfield>
    </datafield>
    <datafield tag="321" ind1="3" ind2=" ">
      <subfield code="3">11921604</subfield>
      <subfield code="9">100</subfield>
      <subfield code="w">.0..b.....</subfield>
      <subfield code="a">Resnais</subfield>
      <subfield code="m">Alain</subfield>
      <subfield code="d">1922-2014</subfield>
    </datafield>
    <datafield tag="460" ind1=" " ind2=" ">
      <subfield code="w">....b.....</subfield>
      <subfield code="a">Resnais</subfield>
      <subfield code="m">Alain</subfield>
      <subfield code="d">1922-2014</subfield>
      <subfield code="t">Pas sur la bouche</subfield>
    </datafield>
    <datafield tag="609" ind1=" " ind2=" ">
      <subfield code="r">cop0</subfield>
      <subfield code="d">2003</subfield>
    </datafield>
    <datafield tag="609" ind1=" " ind2=" ">
      <subfield code="r">sor1</subfield>
      <subfield code="p">fr</subfield>
      <subfield code="d">2003-12-03</subfield>
    </datafield>
    <datafield tag="610" ind1=" " ind2=" ">
      <subfield code="a">Ciné-ressources : catalogue collectif des bibliothèques et archives de cinéma</subfield>
      <subfield code="u">http://www.cineressources.net/</subfield>
      <subfield code="d">2014-03-03</subfield>
    </datafield>
    <datafield tag="624" ind1=" " ind2=" ">
      <subfield code="a">780</subfield>
    </datafield>
    <datafield tag="624" ind1=" " ind2=" ">
      <subfield code="a">791</subfield>
    </datafield>
  </record>
  <record>
    <leader>00725c1 as2200027   45  </leader>
    <controlfield tag="001">FRBNF14662649X</controlfield>
    <controlfield tag="003">http://catalogue.bnf.fr/ark:/12148/cb14662649g</controlfield>
    <controlfield tag="008">950622170213frfre           1949                             010 </controlfield>
    <datafield tag="032" ind1=" " ind2=" ">
      <subfield code="a">0000-0000-4425-0000-8-0000-0000-D</subfield>
    </datafield>
    <datafield tag="043" ind1=" " ind2=" ">
      <subfield code="a">ci</subfield>
    </datafield>
    <datafield tag="145" ind1="0" ind2="3">
      <subfield code="w">.0..b.fre.</subfield>
      <subfield code="a">Mission à Tanger</subfield>
      <subfield code="e">film</subfield>
    </datafield>
    <datafield tag="321" ind1="3" ind2=" ">
      <subfield code="3">13966118</subfield>
      <subfield code="9">100</subfield>
      <subfield code="w">.0..b.....</subfield>
      <subfield code="a">Hunebelle</subfield>
      <subfield code="m">André</subfield>
      <subfield code="d">1896-1985</subfield>
    </datafield>
    <datafield tag="445" ind1="0" ind2="3">
      <subfield code="w">....b.eng.</subfield>
      <subfield code="a">Mission in Tangier</subfield>
      <subfield code="e">film</subfield>
    </datafield>
    <datafield tag="460" ind1=" " ind2=" ">
      <subfield code="w">....b.....</subfield>
      <subfield code="a">Hunebelle</subfield>
      <subfield code="m">André</subfield>
      <subfield code="d">1896-1985</subfield>
      <subfield code="t">Mission à Tanger</subfield>
    </datafield>
    <datafield tag="460" ind1=" " ind2=" ">
      <subfield code="w">....b.....</subfield>
      <subfield code="a">Hunebelle</subfield>
      <subfield code="m">André</subfield>
      <subfield code="d">1896-1985</subfield>
      <subfield code="t">Mission in Tangier</subfield>
    </datafield>
    <datafield tag="600" ind1=" " ind2=" ">
      <subfield code="a">Long métrage</subfield>
      <subfield code="a">Fiction</subfield>
      <subfield code="a">Film policier, thriller, espionnage</subfield>
    </datafield>
    <datafield tag="609" ind1=" " ind2=" ">
      <subfield code="r">cop0</subfield>
      <subfield code="d">1949</subfield>
    </datafield>
    <datafield tag="609" ind1=" " ind2=" ">
      <subfield code="r">sor1</subfield>
      <subfield code="p">fr</subfield>
      <subfield code="d">1949-06-07</subfield>
    </datafield>
    <datafield tag="610" ind1=" " ind2=" ">
      <subfield code="a">IMDB</subfield>
      <subfield code="u">http://www.imdb.com/title/tt0041654</subfield>
      <subfield code="d">2016-12-21</subfield>
    </datafield>
    <datafield tag="624" ind1=" " ind2=" ">
      <subfield code="a">791</subfield>
    </datafield>
    <datafield tag="917" ind1=" " ind2=" ">
      <subfield code="o">OPP</subfield>
      <subfield code="a">39523912</subfield>
      <subfield code="b">SPE</subfield>
    </datafield>
    <datafield tag="917" ind1=" " ind2=" ">
      <subfield code="o">OPS</subfield>
      <subfield code="a">000088290</subfield>
      <subfield code="b">SPE</subfield>
    </datafield>
  </record>
  <record>
    <leader>00857c0 as2200027   45  </leader>
    <controlfield tag="001">FRBNF164750663</controlfield>
    <controlfield tag="003">http://catalogue.bnf.fr/ark:/12148/cb164750668</controlfield>
    <controlfield tag="008">030729210506frfre           1896                             210 </controlfield>
    <datafield tag="043" ind1=" " ind2=" ">
      <subfield code="o">au</subfield>
    </datafield>
    <datafield tag="145" ind1="0" ind2="3">
      <subfield code="w">.0..b.fre.</subfield>
      <subfield code="a">Le coucher de la mariée</subfield>
      <subfield code="e">film</subfield>
      <subfield code="e">1896</subfield>
    </datafield>
    <datafield tag="321" ind1=" " ind2=" ">
      <subfield code="3">17023842</subfield>
      <subfield code="9">100</subfield>
      <subfield code="w">.0..b.....</subfield>
      <subfield code="a">Kirchner</subfield>
      <subfield code="m">Albert</subfield>
      <subfield code="d">1860-1902</subfield>
    </datafield>
    <datafield tag="445" ind1="0" ind2="3">
      <subfield code="w">....b.fre.</subfield>
      <subfield code="a">Déshabillé de la mariée</subfield>
      <subfield code="e">film</subfield>
    </datafield>
    <datafield tag="445" ind1="0" ind2="3">
      <subfield code="w">....b.fre.</subfield>
      <subfield code="a">Déshabillé et coucher de la mariée</subfield>
      <subfield code="e">film</subfield>
    </datafield>
    <datafield tag="460" ind1=" " ind2=" ">
      <subfield code="w">....b.....</subfield>
      <subfield code="a">Kirchner</subfield>
      <subfield code="m">Albert</subfield>
      <subfield code="d">1860-1902</subfield>
      <subfield code="t">Le coucher de la mariée</subfield>
    </datafield>
    <datafield tag="460" ind1=" " ind2=" ">
      <subfield code="w">....b.....</subfield>
      <subfield code="a">Kirchner</subfield>
      <subfield code="m">Albert</subfield>
      <subfield code="d">1860-1902</subfield>
      <subfield code="t">Déshabillé de la mariée</subfield>
    </datafield>
    <datafield tag="460" ind1=" " ind2=" ">
      <subfield code="w">....b.....</subfield>
      <subfield code="a">Kirchner</subfield>
      <subfield code="m">Albert</subfield>
      <subfield code="d">1860-1902</subfield>
      <subfield code="t">Déshabillé et coucher de la mariée</subfield>
    </datafield>
    <datafield tag="600" ind1=" " ind2=" ">
      <subfield code="a">Court métrage</subfield>
      <subfield code="a">Fiction</subfield>
      <subfield code="a">Film pornographique</subfield>
    </datafield>
    <datafield tag="609" ind1=" " ind2=" ">
      <subfield code="r">sor0</subfield>
      <subfield code="d">1896</subfield>
    </datafield>
    <datafield tag="610" ind1=" " ind2=" ">
      <subfield code="a">Ciné-ressources : catalogue collectif des bibliothèques et archives de cinéma</subfield>
      <subfield code="u">http://www.cineressources.net/</subfield>
      <subfield code="d">2021-05-06</subfield>
    </datafield>
    <datafield tag="624" ind1=" " ind2=" ">
      <subfield code="a">791</subfield>
    </datafield>
    <datafield tag="917" ind1=" " ind2=" ">
      <subfield code="o">OPP</subfield>
      <subfield code="a">39539446</subfield>
      <subfield code="b">SPE</subfield>
    </datafield>
    <datafield tag="917" ind1=" " ind2=" ">
      <subfield code="o">OPS</subfield>
      <subfield code="a">001169450</subfield>
      <subfield code="b">SPE</subfield>
    </datafield>
  </record>
  <record>
    <leader>00706c0 as2200027   45  </leader>
    <controlfield tag="001">FRBNF177020568</controlfield>
    <controlfield tag="003">http://catalogue.bnf.fr/ark:/12148/cb17702056f</controlfield>
    <controlfield tag="008">171215190918zzspa           1969                             1   </controlfield>
    <datafield tag="032" ind1=" " ind2=" ">
      <subfield code="a">0000-0000-A961-0000-Z-0000-0000-6</subfield>
    </datafield>
    <datafield tag="040" ind1=" " ind2=" ">
      <subfield code="a">es</subfield>
      <subfield code="a">it</subfield>
    </datafield>
    <datafield tag="043" ind1=" " ind2=" ">
      <subfield code="a">ci</subfield>
    </datafield>
    <datafield tag="145" ind1="0" ind2="3">
      <subfield code="w">.0..b.spa.</subfield>
      <subfield code="a">Garringo</subfield>
      <subfield code="e">film</subfield>
    </datafield>
    <datafield tag="321" ind1="3" ind2=" ">
      <subfield code="3">14118696</subfield>
      <subfield code="9">100</subfield>
      <subfield code="w"> 0  b     </subfield>
      <subfield code="a">Romero Marchent</subfield>
      <subfield code="m">Rafael</subfield>
      <subfield code="d">1926-2020</subfield>
    </datafield>
    <datafield tag="445" ind1="0" ind2="3">
      <subfield code="w">....b.spa.</subfield>
      <subfield code="a">Jugando a morir</subfield>
      <subfield code="e">film</subfield>
    </datafield>
    <datafield tag="445" ind1="0" ind2="3">
      <subfield code="w">....b.eng.</subfield>
      <subfield code="a">Dead are countless</subfield>
      <subfield code="e">film</subfield>
    </datafield>
    <datafield tag="460" ind1=" " ind2=" ">
      <subfield code="w">....b.....</subfield>
      <subfield code="a">Romero Marchent</subfield>
      <subfield code="m">Rafael</subfield>
      <subfield code="d">1926-....</subfield>
      <subfield code="t">Garringo</subfield>
    </datafield>
    <datafield tag="460" ind1=" " ind2=" ">
      <subfield code="w">....b.....</subfield>
      <subfield code="a">Romero Marchent</subfield>
      <subfield code="m">Rafael</subfield>
      <subfield code="d">1926-....</subfield>
      <subfield code="t">Jugando a morir</subfield>
    </datafield>
    <datafield tag="460" ind1=" " ind2=" ">
      <subfield code="w">....b.....</subfield>
      <subfield code="a">Romero Marchent</subfield>
      <subfield code="m">Rafael</subfield>
      <subfield code="d">1926-....</subfield>
      <subfield code="t">Dead are countless</subfield>
    </datafield>
    <datafield tag="600" ind1=" " ind2=" ">
      <subfield code="a">Long métrage</subfield>
      <subfield code="a">Fiction</subfield>
      <subfield code="a">Western</subfield>
    </datafield>
    <datafield tag="609" ind1=" " ind2=" ">
      <subfield code="r">cop0</subfield>
      <subfield code="d">1969</subfield>
    </datafield>
    <datafield tag="609" ind1=" " ind2=" ">
      <subfield code="r">sor0</subfield>
      <subfield code="p">fr</subfield>
      <subfield code="d">1971-03-24</subfield>
    </datafield>
    <datafield tag="610" ind1=" " ind2=" ">
      <subfield code="a">IMDb</subfield>
      <subfield code="u">http://www.imdb.com</subfield>
      <subfield code="d">2019-09-18</subfield>
    </datafield>
  </record>
  <record>
    <leader>00461n0 as22000272  45  </leader>
    <controlfield tag="001">FRBNF133253706</controlfield>
    <controlfield tag="003">http://catalogue.bnf.fr/ark:/12148/cb13325370q</controlfield>
    <controlfield tag="008">980820980820frfre          ....................              210 </controlfield>
    <datafield tag="043" ind1=" " ind2=" ">
      <subfield code="o">au</subfield>
      <subfield code="b">et</subfield>
    </datafield>
    <datafield tag="145" ind1="0" ind2=" ">
      <subfield code="w">.0 .b.....</subfield>
      <subfield code="a">Combien ça coûte ?</subfield>
      <subfield code="e">émission télévisée</subfield>
    </datafield>
    <datafield tag="600" ind1=" " ind2=" ">
      <subfield code="a">Émission télévisée de divertissement animée par Jean-Pierre Pernaut sur TF1</subfield>
    </datafield>
    <datafield tag="610" ind1=" " ind2=" ">
      <subfield code="a">L' argent par les fenêtres : les enquêtes de "combien ça coûte ?" / Jean-Pierre Pernaut, Pascal Bataille, Laurent Fontaine, 1998</subfield>
    </datafield>
    <datafield tag="624" ind1=" " ind2=" ">
      <subfield code="a">791</subfield>
    </datafield>
    <datafield tag="907" ind1=" " ind2=" ">
      <subfield code="o">GEA</subfield>
      <subfield code="a">008127576</subfield>
    </datafield>
    <datafield tag="917" ind1=" " ind2=" ">
      <subfield code="o">OPL</subfield>
      <subfield code="a">013996142</subfield>
    </datafield>
  </record>
  <record>
    <leader>00371c0 as22000272  45  </leader>
    <controlfield tag="001">FRBNF145963219</controlfield>
    <controlfield tag="003">http://catalogue.bnf.fr/ark:/12148/cb14596321p</controlfield>
    <controlfield tag="008">050111050121useng           1973                             210 </controlfield>
    <datafield tag="043" ind1=" " ind2=" ">
      <subfield code="o">au</subfield>
      <subfield code="b">st</subfield>
    </datafield>
    <datafield tag="145" ind1="0" ind2="3">
      <subfield code="w">.0..b.eng.</subfield>
      <subfield code="a">An American family</subfield>
      <subfield code="e">série télévisée</subfield>
    </datafield>
    <datafield tag="600" ind1=" " ind2=" ">
      <subfield code="a">Série télévisée documentaire américaine. Première diffusion aux Etats-Unis le 11 janvier 1973 (PBS)</subfield>
    </datafield>
    <datafield tag="610" ind1=" " ind2=" ">
      <subfield code="a">An American familiy : a televised life / Jeffrey Ruoff, 2002</subfield>
    </datafield>
    <datafield tag="624" ind1=" " ind2=" ">
      <subfield code="a">791</subfield>
    </datafield>
  </record>
  <record>
    <leader>00700c0 as22000272  452 </leader>
    <controlfield tag="001">FRBNF177705472</controlfield>
    <controlfield tag="003">http://catalogue.bnf.fr/ark:/12148/cb17770547t</controlfield>
    <controlfield tag="008">181025221207zzmul           2006                             010 </controlfield>
    <datafield tag="040" ind1=" " ind2=" ">
      <subfield code="a">jp</subfield>
      <subfield code="a">fr</subfield>
    </datafield>
    <datafield tag="041" ind1=" " ind2=" ">
      <subfield code="a">fre</subfield>
      <subfield code="a">jpn</subfield>
    </datafield>
    <datafield tag="043" ind1=" " ind2=" ">
      <subfield code="o">au</subfield>
      <subfield code="g">1</subfield>
    </datafield>
    <datafield tag="061" ind1=" " ind2=" ">
      <subfield code="a">st</subfield>
      <subfield code="f">stf</subfield>
      <subfield code="g">staa</subfield>
      <subfield code="k">mm</subfield>
      <subfield code="l">dea</subfield>
    </datafield>
    <datafield tag="145" ind1="0" ind2="3">
      <subfield code="w">.0..bxjpn.</subfield>
      <subfield code="a">Utawarerumono</subfield>
      <subfield code="e">série télévisée</subfield>
    </datafield>
    <datafield tag="145" ind1="0" ind2="3">
      <subfield code="w">.0..4.jpn.</subfield>
      <subfield code="a">ぅたゎれるもの</subfield>
      <subfield code="e">série télévisée</subfield>
    </datafield>
    <datafield tag="321" ind1="3" ind2=" ">
      <subfield code="3">15615349</subfield>
      <subfield code="9">100</subfield>
      <subfield code="w">.0..b.....</subfield>
      <subfield code="a">Kobayashi</subfield>
      <subfield code="m">Tomoki</subfield>
    </datafield>
    <datafield tag="445" ind1="0" ind2="3">
      <subfield code="w">....b.eng.</subfield>
      <subfield code="a">Le chant des rêves</subfield>
      <subfield code="e">série télévisée</subfield>
    </datafield>
    <datafield tag="609" ind1=" " ind2=" ">
      <subfield code="r">dif1</subfield>
      <subfield code="p">jp</subfield>
      <subfield code="d">2006-04-03</subfield>
      <subfield code="t">sur TV  Asahi</subfield>
    </datafield>
    <datafield tag="609" ind1=" " ind2=" ">
      <subfield code="r">dif9</subfield>
      <subfield code="p">jp</subfield>
      <subfield code="d">2006-09-25</subfield>
      <subfield code="t">sur TV Asahi</subfield>
    </datafield>
    <datafield tag="610" ind1=" " ind2=" ">
      <subfield code="a">Wikipédia</subfield>
      <subfield code="u">https://fr.wikipedia.org/wiki/Utawareru_mono</subfield>
      <subfield code="d">2018-10-25</subfield>
    </datafield>
    <datafield tag="624" ind1=" " ind2=" ">
      <subfield code="a">791</subfield>
    </datafield>
    <datafield tag="630" ind1=" " ind2=" ">
      <subfield code="a">Comprend 26 épisodes</subfield>
      <subfield code="a">Adapté du jeu vidéo "Utawareru mono" par le studio OLM (Oriental Light and Magic)</subfield>
    </datafield>
  </record>
  <record>
    <leader>00480c0 as2200027   45  </leader>
    <controlfield tag="001">FRBNF17717080X</controlfield>
    <controlfield tag="003">http://catalogue.bnf.fr/ark:/12148/cb17717080q</controlfield>
    <controlfield tag="008">180221221207frfre           2015      2020                   210 </controlfield>
    <datafield tag="032" ind1=" " ind2=" ">
      <subfield code="a">0000-0004-740A</subfield>
    </datafield>
    <datafield tag="043" ind1=" " ind2=" ">
      <subfield code="o">au</subfield>
      <subfield code="g">1</subfield>
    </datafield>
    <datafield tag="061" ind1=" " ind2=" ">
      <subfield code="a">st</subfield>
      <subfield code="f">stf</subfield>
      <subfield code="g">stco</subfield>
      <subfield code="k">ml</subfield>
    </datafield>
    <datafield tag="145" ind1="0" ind2="3">
      <subfield code="w">.0..b.fre.</subfield>
      <subfield code="a">Dix pour cent</subfield>
      <subfield code="e">série télévisée</subfield>
    </datafield>
    <datafield tag="321" ind1=" " ind2=" ">
      <subfield code="r">Sur une idée originale de</subfield>
      <subfield code="3">15070068</subfield>
      <subfield code="9">100</subfield>
      <subfield code="w">.0..b.....</subfield>
      <subfield code="a">Herrero</subfield>
      <subfield code="m">Fanny</subfield>
    </datafield>
    <datafield tag="609" ind1=" " ind2=" ">
      <subfield code="r">dif1</subfield>
      <subfield code="p">fr</subfield>
      <subfield code="d">2015-10-14</subfield>
      <subfield code="t">France 2</subfield>
    </datafield>
    <datafield tag="609" ind1=" " ind2=" ">
      <subfield code="r">dif9</subfield>
      <subfield code="p">fr</subfield>
      <subfield code="d">2020-11-04</subfield>
      <subfield code="t">France 2</subfield>
    </datafield>
    <datafield tag="610" ind1=" " ind2=" ">
      <subfield code="a">IMDb</subfield>
      <subfield code="u">https://www.imdb.com/</subfield>
      <subfield code="d">2022-10-13</subfield>
    </datafield>
    <datafield tag="624" ind1=" " ind2=" ">
      <subfield code="a">791</subfield>
    </datafield>
    <datafield tag="631" ind1=" " ind2=" ">
      <subfield code="a">Comporte quatre saisons de 6 épisodes</subfield>
    </datafield>
  </record>
  <record>
    <leader>00667c0 as22000272  45  </leader>
    <controlfield tag="001">FRBNF170693665</controlfield>
    <controlfield tag="003">http://catalogue.bnf.fr/ark:/12148/cb170693669</controlfield>
    <controlfield tag="008">160830221027gbeng           1970      1971                   1   </controlfield>
    <datafield tag="032" ind1=" " ind2=" ">
      <subfield code="a">0000-0000-0356-0000-1-0000-0000-Y</subfield>
    </datafield>
    <datafield tag="043" ind1=" " ind2=" ">
      <subfield code="o">au</subfield>
      <subfield code="g">1</subfield>
    </datafield>
    <datafield tag="061" ind1=" " ind2=" ">
      <subfield code="a">st</subfield>
      <subfield code="f">stf</subfield>
      <subfield code="g">stsf</subfield>
    </datafield>
    <datafield tag="145" ind1="0" ind2="3">
      <subfield code="w">.0..b.eng.</subfield>
      <subfield code="a">UFO</subfield>
      <subfield code="e">série télévisée</subfield>
    </datafield>
    <datafield tag="321" ind1=" " ind2=" ">
      <subfield code="r">Sur une idée originale de</subfield>
      <subfield code="3">13983839</subfield>
      <subfield code="9">100</subfield>
      <subfield code="w"> 0  b     </subfield>
      <subfield code="a">Anderson</subfield>
      <subfield code="m">Gerry</subfield>
      <subfield code="d">1929-2012</subfield>
    </datafield>
    <datafield tag="321" ind1=" " ind2=" ">
      <subfield code="r">Sur une idée originale de</subfield>
      <subfield code="3">13983840</subfield>
      <subfield code="9">100</subfield>
      <subfield code="w"> 0 1b     </subfield>
      <subfield code="a">Anderson</subfield>
      <subfield code="m">Sylvia</subfield>
      <subfield code="d">1937-2016</subfield>
    </datafield>
    <datafield tag="445" ind1="0" ind2="3">
      <subfield code="w">    b fre </subfield>
      <subfield code="a">Alerte dans l'espace</subfield>
      <subfield code="e">série télévisée</subfield>
    </datafield>
    <datafield tag="510" ind1=" " ind2=" ">
      <subfield code="3">13171713</subfield>
      <subfield code="9">110</subfield>
      <subfield code="w">20 .b.....</subfield>
      <subfield code="a">ITV</subfield>
    </datafield>
    <datafield tag="609" ind1=" " ind2=" ">
      <subfield code="r">dif1</subfield>
      <subfield code="p">gb</subfield>
      <subfield code="d">1970-09-16</subfield>
    </datafield>
    <datafield tag="609" ind1=" " ind2=" ">
      <subfield code="r">dif9</subfield>
      <subfield code="p">gb</subfield>
      <subfield code="d">1971-07-24</subfield>
    </datafield>
    <datafield tag="609" ind1=" " ind2=" ">
      <subfield code="r">dif1</subfield>
      <subfield code="p">fr</subfield>
      <subfield code="d">1987-05-09</subfield>
      <subfield code="t">sur la chaine TF1</subfield>
    </datafield>
    <datafield tag="610" ind1=" " ind2=" ">
      <subfield code="a">IMDB</subfield>
      <subfield code="u">http://www.imdb.com/title/tt0063962/</subfield>
      <subfield code="d">2016-08-30</subfield>
    </datafield>
  </record>
  <record>
    <leader>01207c0 as22000272  45  </leader>
    <controlfield tag="001">FRBNF165554831</controlfield>
    <controlfield tag="003">http://catalogue.bnf.fr/ark:/12148/cb16555483q</controlfield>
    <controlfield tag="008">111205230320useng           2010      2022                   010 </controlfield>
    <datafield tag="032" ind1=" " ind2=" ">
      <subfield code="a">0000-0002-D879-0000-2-0000-0000-V</subfield>
      <subfield code="b">saison 1</subfield>
    </datafield>
    <datafield tag="032" ind1=" " ind2=" ">
      <subfield code="a">0000-0003-43A7-0000-C-0000-0000-1</subfield>
      <subfield code="b">saison 2</subfield>
    </datafield>
    <datafield tag="032" ind1=" " ind2=" ">
      <subfield code="a">0000-0003-7DD9-0000-M-0000-0000-8</subfield>
      <subfield code="b">saison 3</subfield>
    </datafield>
    <datafield tag="032" ind1=" " ind2=" ">
      <subfield code="a">0000-0002-D71A-0034-I-0000-0000-K</subfield>
      <subfield code="b">saison 4</subfield>
    </datafield>
    <datafield tag="032" ind1=" " ind2=" ">
      <subfield code="a">0000-0002-D71A-0045-C-0000-0000-1</subfield>
      <subfield code="b">saison 5</subfield>
    </datafield>
    <datafield tag="032" ind1=" " ind2=" ">
      <subfield code="a">0000-0002-D71A-0056-6-0000-0000-J</subfield>
      <subfield code="b">saison 6</subfield>
    </datafield>
    <datafield tag="032" ind1=" " ind2=" ">
      <subfield code="a">0000-0002-D71A-0067-Z-0000-0000-6</subfield>
      <subfield code="b">saison 7</subfield>
    </datafield>
    <datafield tag="032" ind1=" " ind2=" ">
      <subfield code="a">0000-0002-D71A-0078-T-0000-0000-O</subfield>
      <subfield code="b">saison 8</subfield>
    </datafield>
    <datafield tag="032" ind1=" " ind2=" ">
      <subfield code="a">0000-0005-7A14-0000-V-0000-0000-I</subfield>
      <subfield code="b">saison 9</subfield>
    </datafield>
    <datafield tag="043" ind1=" " ind2=" ">
      <subfield code="o">au</subfield>
      <subfield code="g">1</subfield>
    </datafield>
    <datafield tag="061" ind1=" " ind2=" ">
      <subfield code="a">st</subfield>
      <subfield code="f">stf</subfield>
      <subfield code="g">stho</subfield>
      <subfield code="k">ml</subfield>
    </datafield>
    <datafield tag="145" ind1="0" ind2="3">
      <subfield code="w">.0..b.eng.</subfield>
      <subfield code="a">The walking dead</subfield>
      <subfield code="f">série télévisée</subfield>
    </datafield>
    <datafield tag="301" ind1="5" ind2=" ">
      <subfield code="3">16555414</subfield>
      <subfield code="a">Kirkman</subfield>
      <subfield code="m">Robert</subfield>
      <subfield code="d">1978-....</subfield>
      <subfield code="t">Walking dead</subfield>
    </datafield>
    <datafield tag="321" ind1=" " ind2=" ">
      <subfield code="r">Sur une idée originale de</subfield>
      <subfield code="3">14541201</subfield>
      <subfield code="9">100</subfield>
      <subfield code="w"> 0  b     </subfield>
      <subfield code="a">Kirkman</subfield>
      <subfield code="m">Robert</subfield>
      <subfield code="d">1978-....</subfield>
    </datafield>
    <datafield tag="321" ind1=" " ind2=" ">
      <subfield code="r">Sur une idée originale de</subfield>
      <subfield code="3">13015845</subfield>
      <subfield code="9">100</subfield>
      <subfield code="w">.0..b.....</subfield>
      <subfield code="a">Darabont</subfield>
      <subfield code="m">Frank</subfield>
      <subfield code="d">1959-....</subfield>
    </datafield>
    <datafield tag="609" ind1=" " ind2=" ">
      <subfield code="r">dif1</subfield>
      <subfield code="p">us</subfield>
      <subfield code="d">2010-10-31</subfield>
      <subfield code="t">sur AMC</subfield>
    </datafield>
    <datafield tag="609" ind1=" " ind2=" ">
      <subfield code="r">dif1</subfield>
      <subfield code="p">fr</subfield>
      <subfield code="d">2011-03-20</subfield>
      <subfield code="t">sur OCS Choc</subfield>
    </datafield>
    <datafield tag="609" ind1=" " ind2=" ">
      <subfield code="r">dif1</subfield>
      <subfield code="p">us</subfield>
      <subfield code="d">2022-11-20</subfield>
      <subfield code="t">sur AMC</subfield>
    </datafield>
    <datafield tag="610" ind1=" " ind2=" ">
      <subfield code="a">Walking Dead : making of : le guide officiel de la série / Paul Ruditis, impr. 2011</subfield>
    </datafield>
    <datafield tag="610" ind1=" " ind2=" ">
      <subfield code="a">IMDb</subfield>
      <subfield code="u">https://www.imdb.com</subfield>
      <subfield code="d">2023-03-20</subfield>
    </datafield>
    <datafield tag="624" ind1=" " ind2=" ">
      <subfield code="a">791</subfield>
    </datafield>
    <datafield tag="630" ind1=" " ind2=" ">
      <subfield code="a">Comprend 177 épisodes en 11 saisons</subfield>
    </datafield>
  </record>
    <record>
    <leader>00687c1 as22000272  45  </leader>
    <controlfield tag="001">FRBNF170998955</controlfield>
    <controlfield tag="003">http://catalogue.bnf.fr/ark:/12148/cb17099895w</controlfield>
    <controlfield tag="008">170113230110useng           2008      2013                   210 </controlfield>
    <datafield tag="043" ind1=" " ind2=" ">
      <subfield code="o">au</subfield>
      <subfield code="g">1</subfield>
    </datafield>
    <datafield tag="061" ind1=" " ind2=" ">
      <subfield code="a">st</subfield>
      <subfield code="g">stsf</subfield>
    </datafield>
    <datafield tag="145" ind1="0" ind2="3">
      <subfield code="w">.0..b.eng.</subfield>
      <subfield code="a">Fringe</subfield>
      <subfield code="e">série télévisée</subfield>
    </datafield>
    <datafield tag="321" ind1=" " ind2=" ">
      <subfield code="r">Sur une idée originale de</subfield>
      <subfield code="3">14031616</subfield>
      <subfield code="9">100</subfield>
      <subfield code="w"> 0  b     </subfield>
      <subfield code="a">Abrams</subfield>
      <subfield code="m">Jeffrey Jacob</subfield>
      <subfield code="d">1966-....</subfield>
    </datafield>
    <datafield tag="321" ind1=" " ind2=" ">
      <subfield code="r">Sur une idée originale de</subfield>
      <subfield code="3">15018774</subfield>
      <subfield code="9">100</subfield>
      <subfield code="w"> 0  b     </subfield>
      <subfield code="a">Kurtzman</subfield>
      <subfield code="m">Alex</subfield>
      <subfield code="d">1973-....</subfield>
    </datafield>
    <datafield tag="321" ind1=" " ind2=" ">
      <subfield code="r">Sur une idée originale de</subfield>
      <subfield code="3">15018772</subfield>
      <subfield code="9">100</subfield>
      <subfield code="w"> 0  b     </subfield>
      <subfield code="a">Orci</subfield>
      <subfield code="m">Roberto</subfield>
      <subfield code="d">1973-....</subfield>
    </datafield>
    <datafield tag="609" ind1=" " ind2=" ">
      <subfield code="r">dif1</subfield>
      <subfield code="p">us</subfield>
      <subfield code="d">2008-09-09</subfield>
      <subfield code="t">diffusé sur Fox</subfield>
    </datafield>
    <datafield tag="609" ind1=" " ind2=" ">
      <subfield code="r">dif9</subfield>
      <subfield code="p">us</subfield>
      <subfield code="d">2013-01-18</subfield>
      <subfield code="t">diffusé sur Fox</subfield>
    </datafield>
    <datafield tag="609" ind1=" " ind2=" ">
      <subfield code="r">dif1</subfield>
      <subfield code="p">fr</subfield>
      <subfield code="d">2009-06-10</subfield>
      <subfield code="t">diffusé sur TF1</subfield>
    </datafield>
    <datafield tag="610" ind1=" " ind2=" ">
      <subfield code="a">IMDB</subfield>
      <subfield code="u">http://www.imdb.com</subfield>
      <subfield code="d">2017-01-13</subfield>
    </datafield>
    <datafield tag="624" ind1=" " ind2=" ">
      <subfield code="a">791</subfield>
    </datafield>
    <datafield tag="630" ind1=" " ind2=" ">
      <subfield code="a">Comprend 100 episodes en 5 saisons</subfield>
    </datafield>
  </record>
  <record>
    <leader>00452c0 as2200027   45  </leader>
    <controlfield tag="001">FRBNF142918101</controlfield>
    <controlfield tag="003">http://catalogue.bnf.fr/ark:/12148/cb14291810p</controlfield>
    <controlfield tag="008">030310230505frfre           1986                             1   </controlfield>
    <datafield tag="043" ind1=" " ind2=" ">
      <subfield code="o">au</subfield>
    </datafield>
    <datafield tag="145" ind1="0" ind2="3">
      <subfield code="w">.0 .b.fre.</subfield>
      <subfield code="a">Doru, huit ans vivre vite</subfield>
      <subfield code="e">film</subfield>
    </datafield>
    <datafield tag="321" ind1="3" ind2=" ">
      <subfield code="3">13556309</subfield>
      <subfield code="9">100</subfield>
      <subfield code="w">.0 .b.....</subfield>
      <subfield code="a">Brack</subfield>
      <subfield code="m">Michel</subfield>
      <subfield code="d">1951-....</subfield>
    </datafield>
    <datafield tag="460" ind1=" " ind2=" ">
      <subfield code="w">....b.....</subfield>
      <subfield code="a">Brack</subfield>
      <subfield code="m">Michel</subfield>
      <subfield code="d">1951-....</subfield>
      <subfield code="t">Doru, huit ans vivre vite</subfield>
    </datafield>
    <datafield tag="600" ind1=" " ind2=" ">
      <subfield code="a">Court métrage</subfield>
      <subfield code="a">Documentaire</subfield>
    </datafield>
    <datafield tag="609" ind1=" " ind2=" ">
      <subfield code="r">cop0</subfield>
      <subfield code="d">1986</subfield>
    </datafield>
    <datafield tag="610" ind1=" " ind2=" ">
      <subfield code="a">Festival international du court métrage</subfield>
      <subfield code="u">http://www.clermont-filmfest.com</subfield>
      <subfield code="d">2017-07-24</subfield>
    </datafield>
  </record>
  <record>
    <leader>00474c1 as2200027   45  </leader>
    <controlfield tag="001">FRBNF170639646</controlfield>
    <controlfield tag="003">http://catalogue.bnf.fr/ark:/12148/cb17063964t</controlfield>
    <controlfield tag="008">160803180203aueng           1978                             010 </controlfield>
    <datafield tag="043" ind1=" " ind2=" ">
      <subfield code="o">au</subfield>
    </datafield>
    <datafield tag="145" ind1="0" ind2="3">
      <subfield code="w">.0..b.eng.</subfield>
      <subfield code="a">Long weekend</subfield>
      <subfield code="e">film</subfield>
    </datafield>
    <datafield tag="321" ind1=" " ind2=" ">
      <subfield code="3">13946304</subfield>
      <subfield code="9">100</subfield>
      <subfield code="w"> 0  b     </subfield>
      <subfield code="a">Eggleston</subfield>
      <subfield code="m">Colin</subfield>
      <subfield code="d">1941-2002</subfield>
    </datafield>
    <datafield tag="460" ind1=" " ind2=" ">
      <subfield code="w">....b.....</subfield>
      <subfield code="a">Eggleston</subfield>
      <subfield code="m">Colin</subfield>
      <subfield code="d">1941-2002</subfield>
      <subfield code="t">Long weekend</subfield>
    </datafield>
    <datafield tag="600" ind1=" " ind2=" ">
      <subfield code="a">Long métrage</subfield>
      <subfield code="a">Fiction</subfield>
      <subfield code="a">Film d'horreur</subfield>
    </datafield>
    <datafield tag="609" ind1=" " ind2=" ">
      <subfield code="r">cop0</subfield>
      <subfield code="d">1978</subfield>
    </datafield>
    <datafield tag="609" ind1=" " ind2=" ">
      <subfield code="r">sor1</subfield>
      <subfield code="p">fr</subfield>
      <subfield code="d">1980-07-30</subfield>
    </datafield>
    <datafield tag="610" ind1=" " ind2=" ">
      <subfield code="a">Australian screen</subfield>
      <subfield code="u">http://aso.gov.au/titles/features/long-weekend/</subfield>
      <subfield code="d">2018-01-31</subfield>
    </datafield>
    <datafield tag="624" ind1=" " ind2=" ">
      <subfield code="a">791</subfield>
    </datafield>
  </record>
  <record>
    <leader>00394c1 as2200027   45  </leader>
    <controlfield tag="001">FRBNF170289092</controlfield>
    <controlfield tag="003">http://catalogue.bnf.fr/ark:/12148/cb170289092</controlfield>
    <controlfield tag="008">160224160503plpol           2011                             1   </controlfield>
    <datafield tag="043" ind1=" " ind2=" ">
      <subfield code="o">au</subfield>
    </datafield>
    <datafield tag="145" ind1="0" ind2="3">
      <subfield code="w">.0..b.....</subfield>
      <subfield code="a">Paparazzi</subfield>
      <subfield code="e">film</subfield>
      <subfield code="e">2011</subfield>
    </datafield>
    <datafield tag="321" ind1=" " ind2=" ">
      <subfield code="3">17028906</subfield>
      <subfield code="9">100</subfield>
      <subfield code="w">.0..b.....</subfield>
      <subfield code="a">Bernaś</subfield>
      <subfield code="m">Piotr</subfield>
      <subfield code="d">1973-....</subfield>
    </datafield>
    <datafield tag="460" ind1=" " ind2=" ">
      <subfield code="w">....b.....</subfield>
      <subfield code="a">Bernaś</subfield>
      <subfield code="m">Piotr</subfield>
      <subfield code="d">1973-....</subfield>
      <subfield code="t">Paparazzi</subfield>
    </datafield>
    <datafield tag="600" ind1=" " ind2=" ">
      <subfield code="a">Moyen métrage</subfield>
      <subfield code="a">Documentaire</subfield>
    </datafield>
    <datafield tag="610" ind1=" " ind2=" ">
      <subfield code="a">Filmpolski.pl</subfield>
      <subfield code="u">http://www.filmpolski.pl/</subfield>
      <subfield code="d">2016-02-24</subfield>
    </datafield>
    <datafield tag="624" ind1=" " ind2=" ">
      <subfield code="a">791</subfield>
    </datafield>
  </record>
  <record>
    <leader>00614c0 as2200027   45  </leader>
    <controlfield tag="001">FRBNF146622765</controlfield>
    <controlfield tag="003">http://catalogue.bnf.fr/ark:/12148/cb146622768</controlfield>
    <controlfield tag="008">971022220817frfre           1942                             010 </controlfield>
    <datafield tag="032" ind1=" " ind2=" ">
      <subfield code="a">0000-0001-9C9B-0000-8-0000-0000-D</subfield>
    </datafield>
    <datafield tag="043" ind1=" " ind2=" ">
      <subfield code="o">au</subfield>
    </datafield>
    <datafield tag="145" ind1="0" ind2="3">
      <subfield code="w">.0..b.fre.</subfield>
      <subfield code="a">Les passagers de la grande ourse</subfield>
      <subfield code="e">film</subfield>
    </datafield>
    <datafield tag="321" ind1=" " ind2=" ">
      <subfield code="3">11905927</subfield>
      <subfield code="9">100</subfield>
      <subfield code="w">.0..b.....</subfield>
      <subfield code="a">Grimault</subfield>
      <subfield code="m">Paul</subfield>
      <subfield code="d">1905-1994</subfield>
    </datafield>
    <datafield tag="460" ind1=" " ind2=" ">
      <subfield code="w">....b.....</subfield>
      <subfield code="a">Grimault</subfield>
      <subfield code="m">Paul</subfield>
      <subfield code="d">1905-1994</subfield>
      <subfield code="t">Les passagers de la grande ourse</subfield>
    </datafield>
    <datafield tag="600" ind1=" " ind2=" ">
      <subfield code="a">Film d'animation</subfield>
    </datafield>
    <datafield tag="609" ind1=" " ind2=" ">
      <subfield code="r">cop0</subfield>
      <subfield code="d">1942</subfield>
    </datafield>
    <datafield tag="610" ind1=" " ind2=" ">
      <subfield code="a">Ciné-ressources : catalogue collectif des bibliothèques et archives de cinéma</subfield>
      <subfield code="u">http://www.cineressources.net</subfield>
      <subfield code="d">2022-08-17</subfield>
    </datafield>
    <datafield tag="624" ind1=" " ind2=" ">
      <subfield code="a">791</subfield>
    </datafield>
    <datafield tag="917" ind1=" " ind2=" ">
      <subfield code="o">OPP</subfield>
      <subfield code="a">39526916</subfield>
      <subfield code="b">SPE</subfield>
    </datafield>
    <datafield tag="917" ind1=" " ind2=" ">
      <subfield code="o">OPS</subfield>
      <subfield code="a">000340930</subfield>
      <subfield code="b">SPE</subfield>
    </datafield>
  </record>
  <record>
    <leader>01357c0 as22000272  45  </leader>
    <controlfield tag="001">FRBNF137505987</controlfield>
    <controlfield tag="003">http://catalogue.bnf.fr/ark:/12148/cb13750598r</controlfield>
    <controlfield tag="008">011029210804useng           2001                             010 </controlfield>
    <datafield tag="016" ind1=" " ind2=" ">
      <subfield code="a">103628</subfield>
    </datafield>
    <datafield tag="032" ind1=" " ind2=" ">
      <subfield code="a">0000-0001-0C54-0000-T-0000-0000-O</subfield>
    </datafield>
    <datafield tag="043" ind1=" " ind2=" ">
      <subfield code="o">au</subfield>
    </datafield>
    <datafield tag="061" ind1=" " ind2=" ">
      <subfield code="a">fi</subfield>
      <subfield code="b">ff</subfield>
      <subfield code="c">ffaa</subfield>
      <subfield code="k">ml</subfield>
      <subfield code="l">ani</subfield>
      <subfield code="m">je</subfield>
    </datafield>
    <datafield tag="145" ind1="0" ind2="3">
      <subfield code="w">.0 .b.eng.</subfield>
      <subfield code="a">Atlantis, the lost empire</subfield>
      <subfield code="f">film</subfield>
    </datafield>
    <datafield tag="321" ind1="3" ind2=" ">
      <subfield code="3">13998715</subfield>
      <subfield code="9">100</subfield>
      <subfield code="w"> 0  b     </subfield>
      <subfield code="a">Wise</subfield>
      <subfield code="m">Kirk</subfield>
      <subfield code="d">1963-....</subfield>
    </datafield>
    <datafield tag="321" ind1="3" ind2=" ">
      <subfield code="3">12550832</subfield>
      <subfield code="9">100</subfield>
      <subfield code="w">.0 .b.....</subfield>
      <subfield code="a">Trousdale</subfield>
      <subfield code="m">Gary</subfield>
      <subfield code="d">1960-....</subfield>
    </datafield>
    <datafield tag="445" ind1="0" ind2="3">
      <subfield code="w">.  .b.fre.</subfield>
      <subfield code="a">Atlantide, l'empire perdu</subfield>
      <subfield code="f">film</subfield>
    </datafield>
    <datafield tag="460" ind1=" " ind2=" ">
      <subfield code="w">....b.....</subfield>
      <subfield code="a">Wise</subfield>
      <subfield code="m">Kirk</subfield>
      <subfield code="d">1963-....</subfield>
      <subfield code="t">Atlantis, the lost empire</subfield>
    </datafield>
    <datafield tag="460" ind1=" " ind2=" ">
      <subfield code="w">....b.....</subfield>
      <subfield code="a">Trousdale</subfield>
      <subfield code="m">Gary</subfield>
      <subfield code="d">1960-....</subfield>
      <subfield code="t">Atlantis, the lost empire</subfield>
    </datafield>
    <datafield tag="460" ind1=" " ind2=" ">
      <subfield code="w">....b.....</subfield>
      <subfield code="a">Wise</subfield>
      <subfield code="m">Kirk</subfield>
      <subfield code="d">1963-....</subfield>
      <subfield code="t">Atlantide, l'empire perdu</subfield>
    </datafield>
    <datafield tag="460" ind1=" " ind2=" ">
      <subfield code="w">....b.....</subfield>
      <subfield code="a">Trousdale</subfield>
      <subfield code="m">Gary</subfield>
      <subfield code="d">1960-....</subfield>
      <subfield code="t">Atlantide, l'empire perdu</subfield>
    </datafield>
    <datafield tag="609" ind1=" " ind2=" ">
      <subfield code="r">cop0</subfield>
      <subfield code="d">2001</subfield>
    </datafield>
    <datafield tag="609" ind1=" " ind2=" ">
      <subfield code="r">sor0</subfield>
      <subfield code="p">fr</subfield>
      <subfield code="d">2001-11-28</subfield>
    </datafield>
    <datafield tag="610" ind1=" " ind2=" ">
      <subfield code="a">"Atlantide, l'empire perdu" : le guide officiel / Disney, 2001</subfield>
    </datafield>
    <datafield tag="610" ind1=" " ind2=" ">
      <subfield code="a">IMDB (Internet movie database)</subfield>
      <subfield code="u">https://www.imdb.com/title/tt0230011/</subfield>
      <subfield code="d">2003-08-04</subfield>
    </datafield>
    <datafield tag="610" ind1=" " ind2=" ">
      <subfield code="a">Ciné-ressources : catalogue collectif des bibliothèques et archives de cinéma</subfield>
      <subfield code="u">http://www.cineressources.net/</subfield>
      <subfield code="d">2021-05-17</subfield>
    </datafield>
    <datafield tag="610" ind1=" " ind2=" ">
      <subfield code="a">Registre des visas et de la classification du CNC</subfield>
      <subfield code="u">https://www.cnc.fr/professionnels/visas-et-classification/103628</subfield>
      <subfield code="d">2021-05-17</subfield>
    </datafield>
    <datafield tag="610" ind1=" " ind2=" ">
      <subfield code="a">Wikipédia</subfield>
      <subfield code="u">https://fr.wikipedia.org/wiki/Atlantide,_l%27empire_perdu</subfield>
      <subfield code="d">2021-08-04</subfield>
    </datafield>
    <datafield tag="624" ind1=" " ind2=" ">
      <subfield code="a">791</subfield>
    </datafield>
    <datafield tag="907" ind1=" " ind2=" ">
      <subfield code="o">GEA</subfield>
      <subfield code="a">009708933</subfield>
    </datafield>
    <datafield tag="917" ind1=" " ind2=" ">
      <subfield code="o">OPL</subfield>
      <subfield code="a">015754209</subfield>
    </datafield>
    <datafield tag="996" ind1=" " ind2=" ">
      <subfield code="o">OPP</subfield>
      <subfield code="a">14291268</subfield>
      <subfield code="d">20140213</subfield>
    </datafield>
  </record>
  <record>
    <leader>01807c1 as22000272  452 </leader>
    <controlfield tag="001">FRBNF170495039</controlfield>
    <controlfield tag="003">http://catalogue.bnf.fr/ark:/12148/cb17049503j</controlfield>
    <controlfield tag="008">160530160603jpjpn           200804                           1   </controlfield>
    <datafield tag="043" ind1=" " ind2=" ">
      <subfield code="a">lo</subfield>
      <subfield code="b">jv</subfield>
    </datafield>
    <datafield tag="145" ind1="0" ind2=" ">
      <subfield code="w">.0..bxjpn.</subfield>
      <subfield code="a">Naruto shippūden</subfield>
      <subfield code="i">Shinobi retsuden II</subfield>
      <subfield code="e">jeu vidéo</subfield>
    </datafield>
    <datafield tag="145" ind1="0" ind2=" ">
      <subfield code="w">.0..m.jpn.</subfield>
      <subfield code="a">Naruto 疾風伝</subfield>
      <subfield code="i">忍列伝 II</subfield>
      <subfield code="e">jeu vidéo</subfield>
    </datafield>
    <datafield tag="145" ind1="0" ind2=" ">
      <subfield code="w">.0..1.jpn.</subfield>
      <subfield code="a">ナルト 疾風伝</subfield>
      <subfield code="i">忍列伝 II</subfield>
      <subfield code="e">jeu vidéo</subfield>
    </datafield>
    <datafield tag="321" ind1="7" ind2=" ">
      <subfield code="3">17048922</subfield>
      <subfield code="9">110</subfield>
      <subfield code="w">20..b.....</subfield>
      <subfield code="a">Takara Tomy</subfield>
    </datafield>
    <datafield tag="445" ind1="0" ind2=" ">
      <subfield code="w">....bxjpn.</subfield>
      <subfield code="a">Naruto shippūden</subfield>
      <subfield code="i">Shinobi retsuden 2</subfield>
      <subfield code="e">jeu vidéo</subfield>
    </datafield>
    <datafield tag="445" ind1="0" ind2=" ">
      <subfield code="w">....m.jpn.</subfield>
      <subfield code="a">Naruto 疾風伝</subfield>
      <subfield code="i">忍列伝 2</subfield>
      <subfield code="e">jeu vidéo</subfield>
    </datafield>
    <datafield tag="445" ind1="0" ind2=" ">
      <subfield code="w">....1.jpn.</subfield>
      <subfield code="a">ナルト 疾風伝</subfield>
      <subfield code="i">忍列伝 2</subfield>
      <subfield code="e">jeu vidéo</subfield>
    </datafield>
    <datafield tag="445" ind1="0" ind2=" ">
      <subfield code="w">....bxjpn.</subfield>
      <subfield code="a">Shinobi retsuden II</subfield>
      <subfield code="e">jeu vidéo</subfield>
    </datafield>
    <datafield tag="445" ind1="0" ind2=" ">
      <subfield code="w">....1.jpn.</subfield>
      <subfield code="a">忍列伝 II</subfield>
      <subfield code="e">jeu vidéo</subfield>
    </datafield>
    <datafield tag="445" ind1="0" ind2=" ">
      <subfield code="w">....bxjpn.</subfield>
      <subfield code="a">Shinobi retsuden 2</subfield>
      <subfield code="e">jeu vidéo</subfield>
    </datafield>
    <datafield tag="445" ind1="0" ind2=" ">
      <subfield code="w">....1.jpn.</subfield>
      <subfield code="a">忍列伝 2</subfield>
      <subfield code="e">jeu vidéo</subfield>
    </datafield>
    <datafield tag="445" ind1="0" ind2=" ">
      <subfield code="w">....b.mmm.</subfield>
      <subfield code="a">Naruto shippuden</subfield>
      <subfield code="i">Ninja destiny 2</subfield>
      <subfield code="e">jeu vidéo</subfield>
    </datafield>
    <datafield tag="445" ind1="0" ind2=" ">
      <subfield code="w">....b.eng.</subfield>
      <subfield code="a">Ninja destiny 2</subfield>
      <subfield code="e">jeu vidéo</subfield>
    </datafield>
    <datafield tag="445" ind1="0" ind2=" ">
      <subfield code="w">....b.eng.</subfield>
      <subfield code="a">Naruto</subfield>
      <subfield code="i">Ninja destiny II, european version</subfield>
      <subfield code="e">jeu vidéo</subfield>
    </datafield>
    <datafield tag="445" ind1="0" ind2=" ">
      <subfield code="w">....b.eng.</subfield>
      <subfield code="a">Ninja destiny II, european version</subfield>
      <subfield code="e">jeu vidéo</subfield>
    </datafield>
    <datafield tag="445" ind1="0" ind2=" ">
      <subfield code="w">....b.eng.</subfield>
      <subfield code="a">Naruto</subfield>
      <subfield code="i">Ninja destiny 2, european version</subfield>
      <subfield code="e">jeu vidéo</subfield>
    </datafield>
    <datafield tag="445" ind1="0" ind2=" ">
      <subfield code="w">....b.eng.</subfield>
      <subfield code="a">Ninja destiny 2, european version</subfield>
      <subfield code="e">jeu vidéo</subfield>
    </datafield>
    <datafield tag="502" ind1=" " ind2=" ">
      <subfield code="3">16726372</subfield>
      <subfield code="t">Naruto. Narutimetto hīrō (jeu vidéo ; série)</subfield>
    </datafield>
    <datafield tag="600" ind1=" " ind2=" ">
      <subfield code="a">Édité par Takara Tomy au Japon et Tomy en Amérique du Nord et en Europe</subfield>
    </datafield>
    <datafield tag="600" ind1=" " ind2=" ">
      <subfield code="a">Jeu d'action</subfield>
      <subfield code="a">Intitulé "Naruto shippuden. Ninja destiny 2" en Amérique du Nord et "Naruto. Ninja destiny II, european version" en Europe</subfield>
    </datafield>
    <datafield tag="609" ind1=" " ind2=" ">
      <subfield code="r">dis1</subfield>
      <subfield code="p">jp</subfield>
      <subfield code="d">2008-04</subfield>
    </datafield>
    <datafield tag="609" ind1=" " ind2=" ">
      <subfield code="r">dis0</subfield>
      <subfield code="p">us</subfield>
      <subfield code="d">2009-09</subfield>
    </datafield>
    <datafield tag="609" ind1=" " ind2=" ">
      <subfield code="r">dis0</subfield>
      <subfield code="p">eu</subfield>
      <subfield code="d">2010-09</subfield>
    </datafield>
    <datafield tag="610" ind1=" " ind2=" ">
      <subfield code="a">Gamefaqs</subfield>
      <subfield code="u">http://www.gamefaqs.com/ds/945034-naruto-shippuden-ninja-destiny-2/data</subfield>
      <subfield code="d">2016-05-29</subfield>
    </datafield>
    <datafield tag="610" ind1=" " ind2=" ">
      <subfield code="a">Gamefaqs</subfield>
      <subfield code="u">http://www.gamefaqs.com/ds/945034-naruto-shippuden-ninja-destiny-2/images/199904</subfield>
      <subfield code="d">2016-05-29</subfield>
    </datafield>
    <datafield tag="624" ind1=" " ind2=" ">
      <subfield code="a">793</subfield>
    </datafield>
    <datafield tag="624" ind1=" " ind2=" ">
      <subfield code="a">621</subfield>
    </datafield>
  </record>
  <record>
    <leader>01835c0 as22000272  45  </leader>
    <controlfield tag="001">FRBNF124464800</controlfield>
    <controlfield tag="003">http://catalogue.bnf.fr/ark:/12148/cb124464800</controlfield>
    <controlfield tag="008">950213210305                                                 010 </controlfield>
    <datafield tag="043" ind1=" " ind2=" ">
      <subfield code="a">lo</subfield>
    </datafield>
    <datafield tag="062" ind1=" " ind2=" ">
      <subfield code="a">lo</subfield>
      <subfield code="c">lobu</subfield>
    </datafield>
    <datafield tag="145" ind1="0" ind2=" ">
      <subfield code="w">.0..b.....</subfield>
      <subfield code="a">Microsoft Office</subfield>
      <subfield code="f">logiciel</subfield>
    </datafield>
    <datafield tag="302" ind1=" " ind2=" ">
      <subfield code="3">18068295</subfield>
      <subfield code="t">Microsoft Power apps (logiciel)</subfield>
    </datafield>
    <datafield tag="302" ind1=" " ind2=" ">
      <subfield code="3">17952435</subfield>
      <subfield code="t">Microsoft Teams (logiciel)</subfield>
    </datafield>
    <datafield tag="302" ind1=" " ind2=" ">
      <subfield code="3">17153198</subfield>
      <subfield code="t">Microsoft OneNote (logiciel)</subfield>
    </datafield>
    <datafield tag="302" ind1=" " ind2=" ">
      <subfield code="3">12318754</subfield>
      <subfield code="t">Microsoft Access (logiciel)</subfield>
    </datafield>
    <datafield tag="302" ind1=" " ind2=" ">
      <subfield code="3">11940306</subfield>
      <subfield code="t">Microsoft Excel (logiciel)</subfield>
    </datafield>
    <datafield tag="302" ind1=" " ind2=" ">
      <subfield code="3">14637421</subfield>
      <subfield code="t">Microsoft InfoPath (logiciel)</subfield>
    </datafield>
    <datafield tag="302" ind1=" " ind2=" ">
      <subfield code="3">12569353</subfield>
      <subfield code="t">Microsoft Outlook (logiciel)</subfield>
    </datafield>
    <datafield tag="302" ind1=" " ind2=" ">
      <subfield code="3">12144400</subfield>
      <subfield code="t">Microsoft PowerPoint (logiciel)</subfield>
    </datafield>
    <datafield tag="302" ind1=" " ind2=" ">
      <subfield code="3">13510716</subfield>
      <subfield code="t">Microsoft Schedule+ (logiciel)</subfield>
    </datafield>
    <datafield tag="302" ind1=" " ind2=" ">
      <subfield code="3">14619396</subfield>
      <subfield code="t">Microsoft SharePoint (logiciel)</subfield>
    </datafield>
    <datafield tag="302" ind1=" " ind2=" ">
      <subfield code="3">11991184</subfield>
      <subfield code="t">Microsoft Word (logiciel)</subfield>
    </datafield>
    <datafield tag="302" ind1=" " ind2=" ">
      <subfield code="3">12259730</subfield>
      <subfield code="t">Microsoft Publisher (logiciel)</subfield>
    </datafield>
    <datafield tag="321" ind1="7" ind2=" ">
      <subfield code="3">12067348</subfield>
      <subfield code="9">110</subfield>
      <subfield code="w">20..b.....</subfield>
      <subfield code="a">Microsoft Corporation</subfield>
    </datafield>
    <datafield tag="445" ind1="0" ind2=" ">
      <subfield code="w">....b.....</subfield>
      <subfield code="a">Microsoft Office 365</subfield>
      <subfield code="f">logiciel</subfield>
    </datafield>
    <datafield tag="445" ind1="0" ind2=" ">
      <subfield code="w">....b.....</subfield>
      <subfield code="a">Microsoft Office pour Macintosh</subfield>
      <subfield code="f">logiciel</subfield>
    </datafield>
    <datafield tag="445" ind1="0" ind2=" ">
      <subfield code="w">....b.....</subfield>
      <subfield code="a">Microsoft Office pour Windows</subfield>
      <subfield code="f">logiciel</subfield>
    </datafield>
    <datafield tag="445" ind1="0" ind2=" ">
      <subfield code="w">....b.....</subfield>
      <subfield code="a">Microsoft Office Professional</subfield>
      <subfield code="f">logiciel</subfield>
    </datafield>
    <datafield tag="445" ind1="0" ind2=" ">
      <subfield code="w">....b.....</subfield>
      <subfield code="a">Microsoft Office Standard</subfield>
      <subfield code="f">logiciel</subfield>
    </datafield>
    <datafield tag="445" ind1="0" ind2=" ">
      <subfield code="w">....b.....</subfield>
      <subfield code="a">Microsoft Office System</subfield>
      <subfield code="f">logiciel</subfield>
    </datafield>
    <datafield tag="445" ind1="0" ind2=" ">
      <subfield code="w">....b.....</subfield>
      <subfield code="a">Office</subfield>
      <subfield code="f">logiciel</subfield>
    </datafield>
    <datafield tag="445" ind1="0" ind2=" ">
      <subfield code="w">....b.....</subfield>
      <subfield code="a">Office 365</subfield>
      <subfield code="f">logiciel</subfield>
    </datafield>
    <datafield tag="445" ind1="0" ind2=" ">
      <subfield code="w">....b.....</subfield>
      <subfield code="a">Office pour Macintosh</subfield>
      <subfield code="f">logiciel</subfield>
    </datafield>
    <datafield tag="445" ind1="0" ind2=" ">
      <subfield code="w">....b.....</subfield>
      <subfield code="a">Office pour Windows</subfield>
      <subfield code="f">logiciel</subfield>
    </datafield>
    <datafield tag="445" ind1="0" ind2=" ">
      <subfield code="w">....b.....</subfield>
      <subfield code="a">Office Professional</subfield>
      <subfield code="f">logiciel</subfield>
    </datafield>
    <datafield tag="445" ind1="0" ind2=" ">
      <subfield code="w">....b.....</subfield>
      <subfield code="a">Office Standard</subfield>
      <subfield code="f">logiciel</subfield>
    </datafield>
    <datafield tag="445" ind1="0" ind2=" ">
      <subfield code="w">....b.....</subfield>
      <subfield code="a">Office System</subfield>
      <subfield code="f">logiciel</subfield>
    </datafield>
    <datafield tag="510" ind1=" " ind2=" ">
      <subfield code="3">12111119</subfield>
      <subfield code="9">166</subfield>
      <subfield code="w">....b.....</subfield>
      <subfield code="a">Logiciels intégrés</subfield>
    </datafield>
    <datafield tag="610" ind1=" " ind2=" ">
      <subfield code="a">Microsoft France</subfield>
      <subfield code="u">http://www.microsoft.fr</subfield>
      <subfield code="d">2015-05-06</subfield>
      <subfield code="a">Pleins feux sur Microsoft Office pour Windows / E. Stroo, 1994</subfield>
    </datafield>
    <datafield tag="624" ind1=" " ind2=" ">
      <subfield code="a">621</subfield>
    </datafield>
    <datafield tag="630" ind1=" " ind2=" ">
      <subfield code="a">Edité par Microsoft France</subfield>
    </datafield>
    <datafield tag="907" ind1=" " ind2=" ">
      <subfield code="o">GEA</subfield>
      <subfield code="a">005889678</subfield>
    </datafield>
    <datafield tag="917" ind1=" " ind2=" ">
      <subfield code="o">OPL</subfield>
      <subfield code="a">010922083</subfield>
    </datafield>
  </record>
  <record>
    <leader>00376c0 as22000272  45  </leader>
    <controlfield tag="001">FRBNF15532202X</controlfield>
    <controlfield tag="003">http://catalogue.bnf.fr/ark:/12148/cb155322022</controlfield>
    <controlfield tag="008">070515070529                                                 210 </controlfield>
    <datafield tag="043" ind1=" " ind2=" ">
      <subfield code="a">lo</subfield>
    </datafield>
    <datafield tag="145" ind1="0" ind2=" ">
      <subfield code="w">.0..b.....</subfield>
      <subfield code="a">Ubuntu Linux</subfield>
      <subfield code="f">système d'exploitation des ordinateurs</subfield>
    </datafield>
    <datafield tag="502" ind1=" " ind2=" ">
      <subfield code="3">12490647</subfield>
      <subfield code="w">....b.....</subfield>
      <subfield code="a">Linux</subfield>
      <subfield code="g">système d'exploitation des ordinateurs</subfield>
    </datafield>
    <datafield tag="610" ind1=" " ind2=" ">
      <subfield code="a">Simple comme Ubuntu / D. Roche, 2007</subfield>
      <subfield code="a">Ubuntu-fr</subfield>
      <subfield code="u">http://www.ubuntu-fr.org</subfield>
      <subfield code="d">2007-05-15</subfield>
    </datafield>
    <datafield tag="624" ind1=" " ind2=" ">
      <subfield code="a">621</subfield>
    </datafield>
  </record>
  <record>
    <leader>00754c1 as22000272  452 </leader>
    <controlfield tag="001">FRBNF166054291</controlfield>
    <controlfield tag="003">http://catalogue.bnf.fr/ark:/12148/cb166054292</controlfield>
    <controlfield tag="008">120618121015jpjpn           200510                           1   </controlfield>
    <datafield tag="043" ind1=" " ind2=" ">
      <subfield code="a">lo</subfield>
      <subfield code="b">jv</subfield>
    </datafield>
    <datafield tag="145" ind1="0" ind2=" ">
      <subfield code="w">.0..bxjpn.</subfield>
      <subfield code="a">Rajirugi</subfield>
      <subfield code="e">jeu vidéo</subfield>
    </datafield>
    <datafield tag="145" ind1="0" ind2=" ">
      <subfield code="w">.0..5.jpn.</subfield>
      <subfield code="a">ラジルギ</subfield>
      <subfield code="e">jeu vidéo</subfield>
    </datafield>
    <datafield tag="145" ind1="0" ind2=" ">
      <subfield code="w">.0..b.eng.</subfield>
      <subfield code="a">Radirgy</subfield>
      <subfield code="e">jeu vidéo</subfield>
    </datafield>
    <datafield tag="321" ind1="7" ind2=" ">
      <subfield code="3">16605422</subfield>
      <subfield code="9">110</subfield>
      <subfield code="w">20..b.....</subfield>
      <subfield code="a">Milestone</subfield>
      <subfield code="c">Tokyo</subfield>
    </datafield>
    <datafield tag="445" ind1="0" ind2=" ">
      <subfield code="w">....bxjpn.</subfield>
      <subfield code="a">Rajirugi jenerikku</subfield>
      <subfield code="e">jeu vidéo</subfield>
    </datafield>
    <datafield tag="445" ind1="0" ind2=" ">
      <subfield code="w">....5.jpn.</subfield>
      <subfield code="a">ラジルギ・ジェネリック</subfield>
      <subfield code="e">jeu vidéo</subfield>
    </datafield>
    <datafield tag="445" ind1="0" ind2=" ">
      <subfield code="w">....b.eng.</subfield>
      <subfield code="a">Radirgy GeneriC</subfield>
      <subfield code="e">jeu vidéo</subfield>
    </datafield>
    <datafield tag="600" ind1=" " ind2=" ">
      <subfield code="a">Édité par Milestone</subfield>
    </datafield>
    <datafield tag="600" ind1=" " ind2=" ">
      <subfield code="a">Jeu d'action</subfield>
      <subfield code="a">Intitulé "Radirgy GeneriC" sur Nintendo GameCube</subfield>
    </datafield>
    <datafield tag="609" ind1=" " ind2=" ">
      <subfield code="r">dis1</subfield>
      <subfield code="d">2005-10</subfield>
      <subfield code="t">sur borne d'arcade</subfield>
    </datafield>
    <datafield tag="609" ind1=" " ind2=" ">
      <subfield code="r">dis1</subfield>
      <subfield code="p">jp</subfield>
      <subfield code="d">2006-02</subfield>
      <subfield code="t">sur support</subfield>
    </datafield>
    <datafield tag="610" ind1=" " ind2=" ">
      <subfield code="a">Wikipédia</subfield>
      <subfield code="u">http://en.wikipedia.org/wiki/Radirgy</subfield>
      <subfield code="d">2012-06-18</subfield>
    </datafield>
    <datafield tag="624" ind1=" " ind2=" ">
      <subfield code="a">793</subfield>
    </datafield>
    <datafield tag="624" ind1=" " ind2=" ">
      <subfield code="a">621</subfield>
    </datafield>
  </record>
  <record>
    <leader>01161c1 as22000272  452 </leader>
    <controlfield tag="001">FRBNF171653944</controlfield>
    <controlfield tag="003">http://catalogue.bnf.fr/ark:/12148/cb17165394r</controlfield>
    <controlfield tag="008">171120171215zzeng           198910                           1   </controlfield>
    <datafield tag="040" ind1=" " ind2=" ">
      <subfield code="a">jp</subfield>
      <subfield code="a">us</subfield>
      <subfield code="a">eu</subfield>
    </datafield>
    <datafield tag="043" ind1=" " ind2=" ">
      <subfield code="a">lo</subfield>
      <subfield code="b">jv</subfield>
    </datafield>
    <datafield tag="145" ind1="0" ind2=" ">
      <subfield code="w">.0..b.....</subfield>
      <subfield code="a">Puzznic</subfield>
      <subfield code="e">jeu vidéo</subfield>
    </datafield>
    <datafield tag="321" ind1="7" ind2=" ">
      <subfield code="3">14244196</subfield>
      <subfield code="9">110</subfield>
      <subfield code="w">20  b     </subfield>
      <subfield code="a">Taito corporation</subfield>
    </datafield>
    <datafield tag="445" ind1="0" ind2=" ">
      <subfield code="w">....bxjpn.</subfield>
      <subfield code="a">Pazunikku</subfield>
      <subfield code="e">jeu vidéo</subfield>
    </datafield>
    <datafield tag="445" ind1="0" ind2=" ">
      <subfield code="w">....5.jpn.</subfield>
      <subfield code="a">パズニック</subfield>
      <subfield code="e">jeu vidéo</subfield>
    </datafield>
    <datafield tag="600" ind1=" " ind2=" ">
      <subfield code="a">Édité par Taito sur bornes d'arcade et Game Boy au Japon et différents éditeurs suivant les plateformes et les régions</subfield>
    </datafield>
    <datafield tag="600" ind1=" " ind2=" ">
      <subfield code="a">Jeu d'arcade</subfield>
    </datafield>
    <datafield tag="609" ind1=" " ind2=" ">
      <subfield code="r">dis1</subfield>
      <subfield code="p">jp</subfield>
      <subfield code="d">1989-10</subfield>
      <subfield code="t">sur bornes d'arcade</subfield>
    </datafield>
    <datafield tag="609" ind1=" " ind2=" ">
      <subfield code="r">dis0</subfield>
      <subfield code="a">us</subfield>
      <subfield code="d">1989</subfield>
      <subfield code="t">sur bornes d'arcade</subfield>
    </datafield>
    <datafield tag="609" ind1=" " ind2=" ">
      <subfield code="r">dis0</subfield>
      <subfield code="p">jp</subfield>
      <subfield code="a">us</subfield>
      <subfield code="a">xe</subfield>
      <subfield code="d">1990</subfield>
      <subfield code="t">sur support</subfield>
    </datafield>
    <datafield tag="610" ind1=" " ind2=" ">
      <subfield code="a">Arcade history</subfield>
      <subfield code="u">https://www.arcade-history.com/?n=puzznic&amp;page=detail&amp;id=2091</subfield>
      <subfield code="d">2017-12-15</subfield>
    </datafield>
    <datafield tag="610" ind1=" " ind2=" ">
      <subfield code="a">Arcade museum</subfield>
      <subfield code="u">https://www.arcade-museum.com/game_detail.php?game_id=9180</subfield>
      <subfield code="d">2017-11-20</subfield>
    </datafield>
    <datafield tag="610" ind1=" " ind2=" ">
      <subfield code="a">Gamefaqs</subfield>
      <subfield code="u">https://www.gamefaqs.com/arcade/568538-puzznic/data</subfield>
      <subfield code="d">2017-12-15</subfield>
    </datafield>
    <datafield tag="610" ind1=" " ind2=" ">
      <subfield code="a">Mobygames</subfield>
      <subfield code="u">http://www.mobygames.com/game/puzznic/release-info</subfield>
      <subfield code="d">2017-11-20</subfield>
    </datafield>
    <datafield tag="610" ind1=" " ind2=" ">
      <subfield code="a">Gamefaqs</subfield>
      <subfield code="u">https://www.gamefaqs.com/nes/587536-puzznic/data</subfield>
      <subfield code="d">2017-11-20</subfield>
    </datafield>
    <datafield tag="610" ind1=" " ind2=" ">
      <subfield code="a">Arcade museum</subfield>
      <subfield code="u">http://flyers.arcade-museum.com/?page=thumbs&amp;db=videodb&amp;id=6118</subfield>
      <subfield code="d">2017-12-15</subfield>
    </datafield>
    <datafield tag="624" ind1=" " ind2=" ">
      <subfield code="a">793</subfield>
    </datafield>
    <datafield tag="624" ind1=" " ind2=" ">
      <subfield code="a">621</subfield>
    </datafield>
  </record>
  <record>
    <leader>01014c1 as22000272  45  </leader>
    <controlfield tag="001">FRBNF171486694</controlfield>
    <controlfield tag="003">http://catalogue.bnf.fr/ark:/12148/cb17148669p</controlfield>
    <controlfield tag="008">170830170925zzmul           1991                             1   </controlfield>
    <datafield tag="040" ind1=" " ind2=" ">
      <subfield code="a">eu</subfield>
      <subfield code="a">us</subfield>
      <subfield code="a">jp</subfield>
    </datafield>
    <datafield tag="043" ind1=" " ind2=" ">
      <subfield code="a">lo</subfield>
      <subfield code="b">jv</subfield>
    </datafield>
    <datafield tag="145" ind1="0" ind2=" ">
      <subfield code="w">.0..b.eng.</subfield>
      <subfield code="a">Terminator</subfield>
      <subfield code="u">02</subfield>
      <subfield code="h">2</subfield>
      <subfield code="i">Judgment day</subfield>
      <subfield code="e">jeu vidéo</subfield>
      <subfield code="e">1991</subfield>
      <subfield code="e">jeu d'action ; jeu d'aventure</subfield>
    </datafield>
    <datafield tag="301" ind1="7" ind2=" ">
      <subfield code="3">14504843</subfield>
      <subfield code="t">Terminator 2. Judgment day (film)</subfield>
    </datafield>
    <datafield tag="321" ind1=" " ind2=" ">
      <subfield code="r">Développé sur Amiga, Amstrad CPC, Atari ST, Commodore 64, ZX Spectrum et PC par</subfield>
      <subfield code="3">17148667</subfield>
      <subfield code="9">110</subfield>
      <subfield code="w">20..b.eng.</subfield>
      <subfield code="a">Dementia</subfield>
    </datafield>
    <datafield tag="445" ind1="0" ind2=" ">
      <subfield code="w">....b.eng </subfield>
      <subfield code="a">Judgment day</subfield>
      <subfield code="e">jeu vidéo</subfield>
      <subfield code="e">1991</subfield>
      <subfield code="e">jeu d'action ; jeu d'aventure</subfield>
    </datafield>
    <datafield tag="445" ind1="0" ind2=" ">
      <subfield code="w">....b.eng </subfield>
      <subfield code="a">T2</subfield>
      <subfield code="i">Judgment day</subfield>
      <subfield code="e">jeu vidéo</subfield>
      <subfield code="e">1991</subfield>
      <subfield code="e">jeu d'action ; jeu d'aventure</subfield>
    </datafield>
    <datafield tag="502" ind1=" " ind2=" ">
      <subfield code="3">17130888</subfield>
      <subfield code="t">Terminator (jeu vidéo ; série)</subfield>
    </datafield>
    <datafield tag="600" ind1=" " ind2=" ">
      <subfield code="a">Édité par Ocean software</subfield>
    </datafield>
    <datafield tag="600" ind1=" " ind2=" ">
      <subfield code="a">Jeu d'action ; jeu d'aventure</subfield>
    </datafield>
    <datafield tag="609" ind1=" " ind2=" ">
      <subfield code="r">dis1</subfield>
      <subfield code="p">eu</subfield>
      <subfield code="p">us</subfield>
      <subfield code="d">1991</subfield>
    </datafield>
    <datafield tag="609" ind1=" " ind2=" ">
      <subfield code="r">dis0</subfield>
      <subfield code="p">jp</subfield>
      <subfield code="d">1992-06</subfield>
    </datafield>
    <datafield tag="610" ind1=" " ind2=" ">
      <subfield code="a">Wikipedia</subfield>
      <subfield code="u">https://en.wikipedia.org/wiki/List_of_Terminator_video_games#Terminator_2:_Judgment_Day_.28Ocean_Software.29</subfield>
      <subfield code="d">2017-09-25</subfield>
    </datafield>
    <datafield tag="610" ind1=" " ind2=" ">
      <subfield code="a">Mobygames</subfield>
      <subfield code="u">https://www.mobygames.com/game/terminator-2-judgment-day/release-info</subfield>
      <subfield code="d">2017-09-25</subfield>
    </datafield>
    <datafield tag="624" ind1=" " ind2=" ">
      <subfield code="a">793</subfield>
    </datafield>
    <datafield tag="624" ind1=" " ind2=" ">
      <subfield code="a">621</subfield>
    </datafield>
  </record>
  <record>
    <leader>00453c1 as22000272  452 </leader>
    <controlfield tag="001">FRBNF167585028</controlfield>
    <controlfield tag="003">http://catalogue.bnf.fr/ark:/12148/cb167585027</controlfield>
    <controlfield tag="008">140423140423jpjpn           200103                           1   </controlfield>
    <datafield tag="043" ind1=" " ind2=" ">
      <subfield code="a">lo</subfield>
      <subfield code="b">jv</subfield>
    </datafield>
    <datafield tag="145" ind1="0" ind2=" ">
      <subfield code="w">.0..bxjpn.</subfield>
      <subfield code="a">Segagaga</subfield>
      <subfield code="e">jeu vidéo</subfield>
    </datafield>
    <datafield tag="145" ind1="0" ind2=" ">
      <subfield code="w">.0..5.jpn.</subfield>
      <subfield code="a">セガガガ</subfield>
      <subfield code="e">jeu vidéo</subfield>
    </datafield>
    <datafield tag="321" ind1="7" ind2=" ">
      <subfield code="3">14493308</subfield>
      <subfield code="9">110</subfield>
      <subfield code="w">20..b.....</subfield>
      <subfield code="a">Sega AM3</subfield>
    </datafield>
    <datafield tag="445" ind1="0" ind2=" ">
      <subfield code="w">....b.....</subfield>
      <subfield code="a">SGGG</subfield>
      <subfield code="e">jeu vidéo</subfield>
    </datafield>
    <datafield tag="600" ind1=" " ind2=" ">
      <subfield code="a">Édité par Sega</subfield>
    </datafield>
    <datafield tag="600" ind1=" " ind2=" ">
      <subfield code="a">Jeu de rôle</subfield>
    </datafield>
    <datafield tag="609" ind1=" " ind2=" ">
      <subfield code="r">dis1</subfield>
      <subfield code="p">jp</subfield>
      <subfield code="d">2001-03</subfield>
    </datafield>
    <datafield tag="610" ind1=" " ind2=" ">
      <subfield code="a">Wikipédia</subfield>
      <subfield code="u">http://en.wikipedia.org/wiki/Segagaga</subfield>
      <subfield code="d">2014-04-23</subfield>
    </datafield>
    <datafield tag="624" ind1=" " ind2=" ">
      <subfield code="a">793</subfield>
    </datafield>
    <datafield tag="624" ind1=" " ind2=" ">
      <subfield code="a">621</subfield>
    </datafield>
  </record>
  <record>
    <leader>00464c1 as22000272  45  </leader>
    <controlfield tag="001">FRBNF171128124</controlfield>
    <controlfield tag="003">http://catalogue.bnf.fr/ark:/12148/cb171128126</controlfield>
    <controlfield tag="008">170308170315eufre           1985                             1   </controlfield>
    <datafield tag="043" ind1=" " ind2=" ">
      <subfield code="a">lo</subfield>
      <subfield code="b">jv</subfield>
    </datafield>
    <datafield tag="145" ind1="0" ind2=" ">
      <subfield code="w">.0..b.....</subfield>
      <subfield code="a">Strategik</subfield>
      <subfield code="e">jeu vidéo</subfield>
    </datafield>
    <datafield tag="321" ind1="7" ind2=" ">
      <subfield code="3">17105952</subfield>
      <subfield code="9">100</subfield>
      <subfield code="w">.0..b.....</subfield>
      <subfield code="a">Maine</subfield>
      <subfield code="m">Marc</subfield>
      <subfield code="d">19..-....</subfield>
      <subfield code="e">auteur de logiciels</subfield>
    </datafield>
    <datafield tag="600" ind1=" " ind2=" ">
      <subfield code="a">Édité par Edumicro éditions</subfield>
    </datafield>
    <datafield tag="600" ind1=" " ind2=" ">
      <subfield code="a">Jeu de réflexion ; jeu de stratégie</subfield>
    </datafield>
    <datafield tag="609" ind1=" " ind2=" ">
      <subfield code="r">dis1</subfield>
      <subfield code="p">eu</subfield>
      <subfield code="d">1985</subfield>
    </datafield>
    <datafield tag="610" ind1=" " ind2=" ">
      <subfield code="a">Strategik [Ressource électronique] / Marc Maine. - Paris : Edumicro éditions, cop. 1985</subfield>
    </datafield>
    <datafield tag="624" ind1=" " ind2=" ">
      <subfield code="a">793</subfield>
    </datafield>
    <datafield tag="624" ind1=" " ind2=" ">
      <subfield code="a">621</subfield>
    </datafield>
  </record>
  <record>
    <leader>00785c1 as22000272  45  </leader>
    <controlfield tag="001">FRBNF165959986</controlfield>
    <controlfield tag="003">http://catalogue.bnf.fr/ark:/12148/cb16595998z</controlfield>
    <controlfield tag="008">120510120723eumul           20111005                         1   </controlfield>
    <datafield tag="043" ind1=" " ind2=" ">
      <subfield code="a">lo</subfield>
      <subfield code="b">jv</subfield>
    </datafield>
    <datafield tag="145" ind1="0" ind2=" ">
      <subfield code="w">.0..b.ger.</subfield>
      <subfield code="a">Patrizier IV</subfield>
      <subfield code="e">jeu vidéo</subfield>
    </datafield>
    <datafield tag="321" ind1="7" ind2=" ">
      <subfield code="3">16595825</subfield>
      <subfield code="9">110</subfield>
      <subfield code="w">20..b.eng.</subfield>
      <subfield code="a">Gaming minds studios</subfield>
    </datafield>
    <datafield tag="445" ind1="0" ind2=" ">
      <subfield code="w">....b.ger.</subfield>
      <subfield code="a">Patrizier 4</subfield>
      <subfield code="e">jeu vidéo</subfield>
    </datafield>
    <datafield tag="445" ind1="0" ind2=" ">
      <subfield code="w">....b.eng.</subfield>
      <subfield code="a">Patrician IV</subfield>
      <subfield code="e">jeu vidéo</subfield>
    </datafield>
    <datafield tag="445" ind1="0" ind2=" ">
      <subfield code="w">....b.eng.</subfield>
      <subfield code="a">Patrician 4</subfield>
      <subfield code="e">jeu vidéo</subfield>
    </datafield>
    <datafield tag="445" ind1="0" ind2=" ">
      <subfield code="w">....b.ger.</subfield>
      <subfield code="a">Aufstieg einer Dynastie</subfield>
      <subfield code="e">jeu vidéo</subfield>
    </datafield>
    <datafield tag="445" ind1="0" ind2=" ">
      <subfield code="w">....b.eng.</subfield>
      <subfield code="a">Rise of a destiny</subfield>
      <subfield code="e">jeu vidéo</subfield>
    </datafield>
    <datafield tag="502" ind1=" " ind2=" ">
      <subfield code="3">16596119</subfield>
      <subfield code="t">Patrizier (jeu vidéo ; série)</subfield>
    </datafield>
    <datafield tag="600" ind1=" " ind2=" ">
      <subfield code="a">Édité par Kalypso Media UK</subfield>
    </datafield>
    <datafield tag="600" ind1=" " ind2=" ">
      <subfield code="a">Jeu de gestion ; jeu de stratégie</subfield>
    </datafield>
    <datafield tag="600" ind1=" " ind2=" ">
      <subfield code="a">A pour extension "Aufstieg einer Dynastie"</subfield>
    </datafield>
    <datafield tag="609" ind1=" " ind2=" ">
      <subfield code="r">dis1</subfield>
      <subfield code="p">eu</subfield>
      <subfield code="d">2011-10</subfield>
    </datafield>
    <datafield tag="610" ind1=" " ind2=" ">
      <subfield code="a">Gamekult</subfield>
      <subfield code="u">http://www.gamekult.com/jeux/patrician-iv-gold-edition-J112616.html?pf=pc-160001</subfield>
      <subfield code="d">2012-05-11</subfield>
    </datafield>
    <datafield tag="624" ind1=" " ind2=" ">
      <subfield code="a">793</subfield>
    </datafield>
    <datafield tag="624" ind1=" " ind2=" ">
      <subfield code="a">621</subfield>
    </datafield>
  </record>
  <record>
    <leader>00598c1 as22000272  452 </leader>
    <controlfield tag="001">FRBNF16604851X</controlfield>
    <controlfield tag="003">http://catalogue.bnf.fr/ark:/12148/cb166048513</controlfield>
    <controlfield tag="008">120614120803jpjpn           1994                             1   </controlfield>
    <datafield tag="043" ind1=" " ind2=" ">
      <subfield code="a">lo</subfield>
      <subfield code="b">jv</subfield>
    </datafield>
    <datafield tag="145" ind1="0" ind2=" ">
      <subfield code="w">.0..bxjpn.</subfield>
      <subfield code="a">Puyo puyo tsū</subfield>
      <subfield code="e">jeu vidéo</subfield>
    </datafield>
    <datafield tag="145" ind1="0" ind2=" ">
      <subfield code="w">.0..1.jpn.</subfield>
      <subfield code="a">ぷよぷよ通</subfield>
      <subfield code="e">jeu vidéo</subfield>
    </datafield>
    <datafield tag="321" ind1="7" ind2=" ">
      <subfield code="3">15602444</subfield>
      <subfield code="9">110</subfield>
      <subfield code="w">20..b.....</subfield>
      <subfield code="a">Compile</subfield>
    </datafield>
    <datafield tag="445" ind1="0" ind2=" ">
      <subfield code="w">....bxjpn.</subfield>
      <subfield code="a">Puyo puyo 2</subfield>
      <subfield code="e">jeu vidéo</subfield>
    </datafield>
    <datafield tag="445" ind1="0" ind2=" ">
      <subfield code="w">....4.jpn.</subfield>
      <subfield code="a">ぷよぷよ 2</subfield>
      <subfield code="e">jeu vidéo</subfield>
    </datafield>
    <datafield tag="502" ind1=" " ind2=" ">
      <subfield code="3">16604866</subfield>
      <subfield code="t">Puyo puyo (jeu vidéo ; série)</subfield>
    </datafield>
    <datafield tag="600" ind1=" " ind2=" ">
      <subfield code="a">Édité par Compile</subfield>
    </datafield>
    <datafield tag="600" ind1=" " ind2=" ">
      <subfield code="a">Jeu de réflexion ; jeu d'arcade</subfield>
    </datafield>
    <datafield tag="609" ind1=" " ind2=" ">
      <subfield code="r">dis1</subfield>
      <subfield code="p">jp</subfield>
      <subfield code="d">1994</subfield>
    </datafield>
    <datafield tag="610" ind1=" " ind2=" ">
      <subfield code="a">Wikipédia</subfield>
      <subfield code="u">http://en.wikipedia.org/wiki/Puyo_Puyo_Tsu</subfield>
      <subfield code="d">2012-06-14</subfield>
    </datafield>
    <datafield tag="624" ind1=" " ind2=" ">
      <subfield code="a">793</subfield>
    </datafield>
    <datafield tag="624" ind1=" " ind2=" ">
      <subfield code="a">621</subfield>
    </datafield>
  </record>
  <record>
    <leader>00547c1 as22000272  45  </leader>
    <controlfield tag="001">FRBNF171365949</controlfield>
    <controlfield tag="003">http://catalogue.bnf.fr/ark:/12148/cb17136594x</controlfield>
    <controlfield tag="008">170628170922eueng           1984                             1   </controlfield>
    <datafield tag="043" ind1=" " ind2=" ">
      <subfield code="a">lo</subfield>
      <subfield code="b">jv</subfield>
    </datafield>
    <datafield tag="145" ind1="0" ind2=" ">
      <subfield code="w">.0..b.....</subfield>
      <subfield code="a">East side story, jeu d'anglais</subfield>
      <subfield code="e">jeu vidéo</subfield>
    </datafield>
    <datafield tag="321" ind1=" " ind2=" ">
      <subfield code="r">Co-développé par</subfield>
      <subfield code="3">11920848</subfield>
      <subfield code="9">100</subfield>
      <subfield code="w">.0..b.....</subfield>
      <subfield code="a">Quénelle</subfield>
      <subfield code="m">Gilbert</subfield>
      <subfield code="d">1914-2012</subfield>
    </datafield>
    <datafield tag="321" ind1="7" ind2=" ">
      <subfield code="r">Co-développé par</subfield>
      <subfield code="3">12084479</subfield>
      <subfield code="9">100</subfield>
      <subfield code="w">.0..b.....</subfield>
      <subfield code="a">Hourquin</subfield>
      <subfield code="m">Didier</subfield>
    </datafield>
    <datafield tag="600" ind1=" " ind2=" ">
      <subfield code="a">Édité par SERMAP et Hatier</subfield>
    </datafield>
    <datafield tag="600" ind1=" " ind2=" ">
      <subfield code="a">Jeu éducatif</subfield>
    </datafield>
    <datafield tag="609" ind1=" " ind2=" ">
      <subfield code="r">dis1</subfield>
      <subfield code="p">eu</subfield>
      <subfield code="d">1984</subfield>
    </datafield>
    <datafield tag="610" ind1=" " ind2=" ">
      <subfield code="a">Internet Archive</subfield>
      <subfield code="u">https://archive.org/details/a8b_East_Side_Story_1984_Hatier_FR_en_BASIC</subfield>
      <subfield code="d">2017-06-28</subfield>
    </datafield>
    <datafield tag="624" ind1=" " ind2=" ">
      <subfield code="a">793</subfield>
    </datafield>
    <datafield tag="624" ind1=" " ind2=" ">
      <subfield code="a">621</subfield>
    </datafield>
  </record>
  <record>
    <leader>00788c1 as22000272  45  </leader>
    <controlfield tag="001">FRBNF166105191</controlfield>
    <controlfield tag="003">http://catalogue.bnf.fr/ark:/12148/cb166105191</controlfield>
    <controlfield tag="008">120706120725zzmul           200702                           1   </controlfield>
    <datafield tag="040" ind1=" " ind2=" ">
      <subfield code="a">us</subfield>
      <subfield code="a">eu</subfield>
    </datafield>
    <datafield tag="043" ind1=" " ind2=" ">
      <subfield code="a">lo</subfield>
      <subfield code="b">jv</subfield>
    </datafield>
    <datafield tag="145" ind1="0" ind2=" ">
      <subfield code="w">.0..b.eng.</subfield>
      <subfield code="a">The Sims</subfield>
      <subfield code="i">Life stories</subfield>
      <subfield code="e">jeu vidéo</subfield>
    </datafield>
    <datafield tag="321" ind1="7" ind2=" ">
      <subfield code="3">14031840</subfield>
      <subfield code="9">110</subfield>
      <subfield code="w">20..b.....</subfield>
      <subfield code="a">Electronic arts</subfield>
    </datafield>
    <datafield tag="445" ind1="0" ind2=" ">
      <subfield code="w">....b.eng.</subfield>
      <subfield code="a">Life stories</subfield>
      <subfield code="e">jeu vidéo</subfield>
    </datafield>
    <datafield tag="445" ind1="0" ind2=" ">
      <subfield code="w">....b.fre.</subfield>
      <subfield code="a">Les Sims</subfield>
      <subfield code="i">Histoires de vie</subfield>
      <subfield code="e">jeu vidéo</subfield>
    </datafield>
    <datafield tag="445" ind1="0" ind2=" ">
      <subfield code="w">....b.fre.</subfield>
      <subfield code="a">Histoires de vie</subfield>
      <subfield code="e">jeu vidéo</subfield>
    </datafield>
    <datafield tag="502" ind1=" " ind2=" ">
      <subfield code="3">16610518</subfield>
      <subfield code="t">The Sims, stories (jeu vidéo ; série)</subfield>
    </datafield>
    <datafield tag="600" ind1=" " ind2=" ">
      <subfield code="a">Édité par Electronic arts</subfield>
    </datafield>
    <datafield tag="600" ind1=" " ind2=" ">
      <subfield code="a">Jeu de simulation de vie ; jeu d'aventure</subfield>
    </datafield>
    <datafield tag="609" ind1=" " ind2=" ">
      <subfield code="r">dis1</subfield>
      <subfield code="p">us</subfield>
      <subfield code="d">2007-02</subfield>
    </datafield>
    <datafield tag="609" ind1=" " ind2=" ">
      <subfield code="r">dis0</subfield>
      <subfield code="p">eu</subfield>
      <subfield code="d">2007-02</subfield>
    </datafield>
    <datafield tag="610" ind1=" " ind2=" ">
      <subfield code="a">Wikipédia</subfield>
      <subfield code="u">http://en.wikipedia.org/wiki/The_Sims_Life_Stories</subfield>
      <subfield code="d">2012-07-06</subfield>
    </datafield>
    <datafield tag="610" ind1=" " ind2=" ">
      <subfield code="a">Gamekult</subfield>
      <subfield code="u">http://www.gamekult.com/jeux/les-sims-histoires-de-vie-SU3010005428.html</subfield>
      <subfield code="d">2012-07-06</subfield>
    </datafield>
    <datafield tag="624" ind1=" " ind2=" ">
      <subfield code="a">793</subfield>
    </datafield>
    <datafield tag="624" ind1=" " ind2=" ">
      <subfield code="a">621</subfield>
    </datafield>
  </record>
  <record>
    <leader>00394c1 as2200027   45  </leader>
    <controlfield tag="001">FRBNF165698995</controlfield>
    <controlfield tag="003">http://catalogue.bnf.fr/ark:/12148/cb16569899c</controlfield>
    <controlfield tag="008">120202141024frfre           2010                             1   </controlfield>
    <datafield tag="043" ind1=" " ind2=" ">
      <subfield code="a">lo</subfield>
      <subfield code="b">jv</subfield>
    </datafield>
    <datafield tag="145" ind1="0" ind2=" ">
      <subfield code="w">.0..b.fre.</subfield>
      <subfield code="a">Pétanque master</subfield>
      <subfield code="e">jeu vidéo</subfield>
    </datafield>
    <datafield tag="321" ind1="7" ind2=" ">
      <subfield code="3">14493483</subfield>
      <subfield code="9">110</subfield>
      <subfield code="w">20  b     </subfield>
      <subfield code="a">Mere mortals</subfield>
    </datafield>
    <datafield tag="600" ind1=" " ind2=" ">
      <subfield code="a">Édité par Bigben interactive</subfield>
    </datafield>
    <datafield tag="600" ind1=" " ind2=" ">
      <subfield code="a">Jeu de simulation sportive</subfield>
    </datafield>
    <datafield tag="610" ind1=" " ind2=" ">
      <subfield code="a">Bigben interactive</subfield>
      <subfield code="u">http://www.bigben.fr/produit/game/id/243</subfield>
      <subfield code="d">2012-02-02</subfield>
    </datafield>
    <datafield tag="624" ind1=" " ind2=" ">
      <subfield code="a">793</subfield>
    </datafield>
    <datafield tag="624" ind1=" " ind2=" ">
      <subfield code="a">621</subfield>
    </datafield>
  </record>
  <record>
    <leader>00537c1 as22000272  45  </leader>
    <controlfield tag="001">FRBNF165993077</controlfield>
    <controlfield tag="003">http://catalogue.bnf.fr/ark:/12148/cb165993074</controlfield>
    <controlfield tag="008">120524121112zzmul           200911                           1   </controlfield>
    <datafield tag="040" ind1=" " ind2=" ">
      <subfield code="a">eu</subfield>
      <subfield code="a">us</subfield>
    </datafield>
    <datafield tag="043" ind1=" " ind2=" ">
      <subfield code="a">lo</subfield>
      <subfield code="b">jv</subfield>
    </datafield>
    <datafield tag="145" ind1="0" ind2=" ">
      <subfield code="w">.0..b.eng.</subfield>
      <subfield code="a">My body coach</subfield>
      <subfield code="e">jeu vidéo</subfield>
    </datafield>
    <datafield tag="321" ind1="7" ind2=" ">
      <subfield code="3">15118225</subfield>
      <subfield code="9">110</subfield>
      <subfield code="w">20..b.....</subfield>
      <subfield code="a">Kylotonn entertainment</subfield>
    </datafield>
    <datafield tag="502" ind1=" " ind2=" ">
      <subfield code="3">16599313</subfield>
      <subfield code="t">My body coach (jeu vidéo ; série)</subfield>
    </datafield>
    <datafield tag="600" ind1=" " ind2=" ">
      <subfield code="a">Édité par Neko entertainement</subfield>
    </datafield>
    <datafield tag="600" ind1=" " ind2=" ">
      <subfield code="a">Jeu de développement personnel</subfield>
    </datafield>
    <datafield tag="609" ind1=" " ind2=" ">
      <subfield code="r">dis1</subfield>
      <subfield code="p">eu</subfield>
      <subfield code="d">2009-11</subfield>
    </datafield>
    <datafield tag="609" ind1=" " ind2=" ">
      <subfield code="r">dis0</subfield>
      <subfield code="p">us</subfield>
      <subfield code="d">2010-01</subfield>
    </datafield>
    <datafield tag="610" ind1=" " ind2=" ">
      <subfield code="a">Jeuxvidéo.com</subfield>
      <subfield code="u">http://www.jeuxvideo.com/jeux/wii/00034455-my-body-coach.htm</subfield>
      <subfield code="d">2012-05-24</subfield>
    </datafield>
    <datafield tag="624" ind1=" " ind2=" ">
      <subfield code="a">793</subfield>
    </datafield>
    <datafield tag="624" ind1=" " ind2=" ">
      <subfield code="a">621</subfield>
    </datafield>
  </record>
  <record>
    <leader>00514c1 as22000272  452 </leader>
    <controlfield tag="001">FRBNF166042353</controlfield>
    <controlfield tag="003">http://catalogue.bnf.fr/ark:/12148/cb166042356</controlfield>
    <controlfield tag="008">120612120620jpjpn           200007                           1   </controlfield>
    <datafield tag="043" ind1=" " ind2=" ">
      <subfield code="a">lo</subfield>
      <subfield code="b">jv</subfield>
    </datafield>
    <datafield tag="145" ind1="0" ind2=" ">
      <subfield code="w">.0..b.eng.</subfield>
      <subfield code="a">Zusar vasar</subfield>
      <subfield code="e">jeu vidéo</subfield>
    </datafield>
    <datafield tag="145" ind1="0" ind2=" ">
      <subfield code="w">.0..bxjpn.</subfield>
      <subfield code="a">Zusā vasā</subfield>
      <subfield code="e">jeu vidéo</subfield>
    </datafield>
    <datafield tag="145" ind1="0" ind2=" ">
      <subfield code="w">.0..5.jpn.</subfield>
      <subfield code="a">ズサーヴァサー</subfield>
      <subfield code="e">jeu vidéo</subfield>
    </datafield>
    <datafield tag="321" ind1="7" ind2=" ">
      <subfield code="3">16604232</subfield>
      <subfield code="9">110</subfield>
      <subfield code="w">20..b.....</subfield>
      <subfield code="a">RealVision</subfield>
    </datafield>
    <datafield tag="600" ind1=" " ind2=" ">
      <subfield code="a">Édité par RealVision</subfield>
    </datafield>
    <datafield tag="600" ind1=" " ind2=" ">
      <subfield code="a">Jeu de pilotage ; jeu d'action</subfield>
    </datafield>
    <datafield tag="609" ind1=" " ind2=" ">
      <subfield code="r">dis1</subfield>
      <subfield code="p">jp</subfield>
      <subfield code="d">2000-07</subfield>
    </datafield>
    <datafield tag="610" ind1=" " ind2=" ">
      <subfield code="a">Wikipédia</subfield>
      <subfield code="u">http://en.wikipedia.org/wiki/Zusar_Vasar</subfield>
      <subfield code="d">2012-06-12</subfield>
    </datafield>
    <datafield tag="624" ind1=" " ind2=" ">
      <subfield code="a">793</subfield>
    </datafield>
    <datafield tag="624" ind1=" " ind2=" ">
      <subfield code="a">621</subfield>
    </datafield>
  </record>
  <record>
    <leader>00461c1 as22000272  45  </leader>
    <controlfield tag="001">FRBNF170772493</controlfield>
    <controlfield tag="003">http://catalogue.bnf.fr/ark:/12148/cb170772495</controlfield>
    <controlfield tag="008">161006161223zzeng           2014                             1   </controlfield>
    <datafield tag="040" ind1=" " ind2=" ">
      <subfield code="a">eu</subfield>
      <subfield code="a">us</subfield>
    </datafield>
    <datafield tag="043" ind1=" " ind2=" ">
      <subfield code="a">lo</subfield>
      <subfield code="b">jv</subfield>
    </datafield>
    <datafield tag="145" ind1="0" ind2=" ">
      <subfield code="w">.0..b.eng.</subfield>
      <subfield code="a">Lounge Lord</subfield>
      <subfield code="e">jeu vidéo</subfield>
    </datafield>
    <datafield tag="321" ind1="7" ind2=" ">
      <subfield code="3">17076598</subfield>
      <subfield code="9">100</subfield>
      <subfield code="w">.0.2b.....</subfield>
      <subfield code="a">Flex</subfield>
      <subfield code="d">1993?-....</subfield>
    </datafield>
    <datafield tag="600" ind1=" " ind2=" ">
      <subfield code="a">Édité par Félix Roman</subfield>
    </datafield>
    <datafield tag="600" ind1=" " ind2=" ">
      <subfield code="a">Jeu de rythme</subfield>
    </datafield>
    <datafield tag="609" ind1=" " ind2=" ">
      <subfield code="r">dis1</subfield>
      <subfield code="p">eu</subfield>
      <subfield code="p">us</subfield>
      <subfield code="d">2014</subfield>
      <subfield code="t">sur plateforme de téléchargement (site de l'auteur)</subfield>
    </datafield>
    <datafield tag="610" ind1=" " ind2=" ">
      <subfield code="a">F. Roman</subfield>
      <subfield code="u">https://flexroman.wordpress.com/lounge-lord/</subfield>
      <subfield code="d">2016-10-06</subfield>
    </datafield>
    <datafield tag="624" ind1=" " ind2=" ">
      <subfield code="a">793</subfield>
    </datafield>
    <datafield tag="624" ind1=" " ind2=" ">
      <subfield code="a">621</subfield>
    </datafield>
  </record>
  <record>
    <leader>00779c1 as2200027   45  </leader>
    <controlfield tag="001">FRBNF161453710</controlfield>
    <controlfield tag="003">http://catalogue.bnf.fr/ark:/12148/cb16145371j</controlfield>
    <controlfield tag="008">091014191227yy              01..                             210 </controlfield>
    <datafield tag="043" ind1=" " ind2=" ">
      <subfield code="o">ba</subfield>
    </datafield>
    <datafield tag="063" ind1=" " ind2=" ">
      <subfield code="a">bamo</subfield>
      <subfield code="b">scemy</subfield>
    </datafield>
    <datafield tag="145" ind1="0" ind2=" ">
      <subfield code="w">.0..b.fre.</subfield>
      <subfield code="a">Bellérophon terrassant la Chimère</subfield>
      <subfield code="f">mosaïque</subfield>
    </datafield>
    <datafield tag="445" ind1="0" ind2=" ">
      <subfield code="w">....b.fre.</subfield>
      <subfield code="a">Mosaïque du Bellérophon</subfield>
    </datafield>
    <datafield tag="610" ind1=" " ind2=" ">
      <subfield code="a">Bellérophon et la Chimère / Ville d'Autun, musée Rolin, 2009, p. 23 : forme retenue</subfield>
    </datafield>
    <datafield tag="610" ind1=" " ind2=" ">
      <subfield code="a">Recueil général des mosaïques de la Gaule. 2, 2, Province de Lyonnaise. Partie sud-est / Henri Stern, Michèle Blanchard-Lemée, 1975</subfield>
      <subfield code="a">Musée Rolin</subfield>
      <subfield code="u">https://www.autun.com/sortir-a-autun/les-lieux-de-loisirs/le-musee-rolin</subfield>
      <subfield code="d">2019-06-21</subfield>
    </datafield>
    <datafield tag="624" ind1=" " ind2=" ">
      <subfield code="a">730</subfield>
    </datafield>
    <datafield tag="630" ind1=" " ind2=" ">
      <subfield code="a">Mosaïque de la 2e moitié du IIe s. après J.-C., en grès, schiste et calcaire, découverte en 1830 à Autun (Saône-et-Loire)</subfield>
      <subfield code="a">Conservée au Musée Rolin d'Autun</subfield>
    </datafield>
    <datafield tag="662" ind1=" " ind2=" ">
      <subfield code="a">MusFr</subfield>
      <subfield code="b">inv. D. 985</subfield>
    </datafield>
  </record>