
  <record>
    <leader>00797c1 as22000272  45  </leader>
    <controlfield tag="001">FRBNF161255365</controlfield>
    <controlfield tag="003">http://catalogue.bnf.fr/ark:/12148/cb161255365</controlfield>
    <controlfield tag="008">090901190621yy              1999                             210 </controlfield>
    <datafield tag="043" ind1=" " ind2=" ">
      <subfield code="o">ba</subfield>
    </datafield>
    <datafield tag="063" ind1=" " ind2=" ">
      <subfield code="a">bamo</subfield>
    </datafield>
    <datafield tag="100" ind1=" " ind2=" ">
      <subfield code="3">12007023</subfield>
      <subfield code="1">ISNI0000000121042048</subfield>
      <subfield code="w">.0 .b.....</subfield>
      <subfield code="a">Cucchi</subfield>
      <subfield code="m">Enzo</subfield>
      <subfield code="d">1949-....</subfield>
    </datafield>
    <datafield tag="145" ind1="1" ind2=" ">
      <subfield code="w">.0..b.eng </subfield>
      <subfield code="a">Tel Aviv-Jaffa Mosaic</subfield>
    </datafield>
    <datafield tag="445" ind1="1" ind2=" ">
      <subfield code="w">....b.eng.</subfield>
      <subfield code="a">The mosaic of Tel Aviv - Yafo</subfield>
    </datafield>
    <datafield tag="445" ind1="1" ind2=" ">
      <subfield code="w">....b.ita.</subfield>
      <subfield code="a">Il mosaico du Tel Aviv - Yafo</subfield>
    </datafield>
    <datafield tag="445" ind1="1" ind2=" ">
      <subfield code="w">....baheb.</subfield>
      <subfield code="a">Hapseypas šel Tel ʾAbiyb-Ywpw</subfield>
    </datafield>
    <datafield tag="445" ind1="1" ind2=" ">
      <subfield code="w">....h.heb.</subfield>
      <subfield code="a">הפסיפס של תל אביב-יפו</subfield>
    </datafield>
    <datafield tag="600" ind1=" " ind2=" ">
      <subfield code="a">Mosaïque située dans le jardin des sculptures du Tel Aviv Museum of Art</subfield>
    </datafield>
    <datafield tag="610" ind1=" " ind2=" ">
      <subfield code="a">Tel Aviv Museum of Art</subfield>
      <subfield code="u">http://www.tamuseum.org.il/collection-work/10126</subfield>
      <subfield code="d">2019-06-21</subfield>
    </datafield>
    <datafield tag="610" ind1=" " ind2=" ">
      <subfield code="a">BnF Service hébreu, 2009-09-01</subfield>
    </datafield>
    <datafield tag="610" ind1=" " ind2=" ">
      <subfield code="a">The Tel Aviv mosaic : Enzo Cucchi / text by Mordechai Omer, cop. 1999</subfield>
    </datafield>
    <datafield tag="624" ind1=" " ind2=" ">
      <subfield code="a">740</subfield>
    </datafield>
  </record>
  <record>
    <leader>00741c0 as22000272  45  </leader>
    <controlfield tag="001">FRBNF123670199</controlfield>
    <controlfield tag="003">http://catalogue.bnf.fr/ark:/12148/cb123670199</controlfield>
    <controlfield tag="008">940209191212yy              1395    ? 1399    ?              210 </controlfield>
    <datafield tag="043" ind1=" " ind2=" ">
      <subfield code="o">ba</subfield>
      <subfield code="b">pe</subfield>
    </datafield>
    <datafield tag="145" ind1="0" ind2=" ">
      <subfield code="w">.1 .b.fre.</subfield>
      <subfield code="a">Diptyque de Wilton House</subfield>
      <subfield code="e">peinture</subfield>
    </datafield>
    <datafield tag="445" ind1="0" ind2=" ">
      <subfield code="w">.  .b.fre.</subfield>
      <subfield code="a">Diptyque Wilton</subfield>
      <subfield code="e">peinture</subfield>
    </datafield>
    <datafield tag="445" ind1="0" ind2=" ">
      <subfield code="w">.  .b.eng.</subfield>
      <subfield code="a">Wilton diptych</subfield>
      <subfield code="e">peinture</subfield>
    </datafield>
    <datafield tag="600" ind1=" " ind2=" ">
      <subfield code="a">Autel portable peint pour Richard II, roi d'Angleterre</subfield>
      <subfield code="a">Conservé à la National Gallery à Londres</subfield>
    </datafield>
    <datafield tag="610" ind1=" " ind2=" ">
      <subfield code="a">L'Art gothique / A. Erlande-Brandenburg, 1983</subfield>
    </datafield>
    <datafield tag="610" ind1=" " ind2=" ">
      <subfield code="a">Making and meaning : the Wilton diptych / Dillian Gordon, 1993</subfield>
      <subfield code="a">The National Gallery</subfield>
      <subfield code="u">http://www.nationalgallery.org.uk</subfield>
      <subfield code="d">2012-12-14</subfield>
    </datafield>
    <datafield tag="624" ind1=" " ind2=" ">
      <subfield code="a">750</subfield>
    </datafield>
    <datafield tag="907" ind1=" " ind2=" ">
      <subfield code="o">GEA</subfield>
      <subfield code="a">005025705</subfield>
    </datafield>
    <datafield tag="917" ind1=" " ind2=" ">
      <subfield code="o">OPL</subfield>
      <subfield code="a">009780142</subfield>
    </datafield>
  </record>
  <record>
    <leader>00392c1 as22000272  45  </leader>
    <controlfield tag="001">FRBNF144429753</controlfield>
    <controlfield tag="003">http://catalogue.bnf.fr/ark:/12148/cb144429753</controlfield>
    <controlfield tag="008">021218120424yy             -0560    ?                        210 </controlfield>
    <datafield tag="043" ind1=" " ind2=" ">
      <subfield code="o">ba</subfield>
      <subfield code="b">sc</subfield>
    </datafield>
    <datafield tag="145" ind1="0" ind2=" ">
      <subfield code="w">.1..b.grc.</subfield>
      <subfield code="a">Corè</subfield>
      <subfield code="e">sculpture</subfield>
    </datafield>
    <datafield tag="445" ind1="0" ind2=" ">
      <subfield code="w">....b.fre.</subfield>
      <subfield code="a">Corè de Samos</subfield>
      <subfield code="e">sculpture</subfield>
    </datafield>
    <datafield tag="600" ind1=" " ind2=" ">
      <subfield code="a">Sculpture en marbre, découverte sur l'île de Samos</subfield>
      <subfield code="a">Conservée au musée du Louvre, Paris</subfield>
    </datafield>
    <datafield tag="610" ind1=" " ind2=" ">
      <subfield code="a">Musée du Louvre : forme retenue</subfield>
      <subfield code="u">http://cartelfr.louvre.fr</subfield>
      <subfield code="d">2012-04-24</subfield>
    </datafield>
    <datafield tag="624" ind1=" " ind2=" ">
      <subfield code="a">730</subfield>
    </datafield>
  </record>
  <record>
    <leader>00399c1 as2200027   45  </leader>
    <controlfield tag="001">FRBNF133313690</controlfield>
    <controlfield tag="003">http://catalogue.bnf.fr/ark:/12148/cb13331369r</controlfield>
    <controlfield tag="008">981015191213yy              14..                             210 </controlfield>
    <datafield tag="043" ind1=" " ind2=" ">
      <subfield code="o">ba</subfield>
    </datafield>
    <datafield tag="063" ind1=" " ind2=" ">
      <subfield code="a">bata</subfield>
      <subfield code="b">scere</subfield>
    </datafield>
    <datafield tag="145" ind1="0" ind2=" ">
      <subfield code="w">.1 .b.fre.</subfield>
      <subfield code="a">Saint Vaast et l'ours</subfield>
      <subfield code="e">tapisserie</subfield>
    </datafield>
    <datafield tag="445" ind1="0" ind2=" ">
      <subfield code="w">.  .b.....</subfield>
      <subfield code="a">Tapisserie de Saint-Vaast</subfield>
    </datafield>
    <datafield tag="624" ind1=" " ind2=" ">
      <subfield code="a">740</subfield>
    </datafield>
    <datafield tag="630" ind1=" " ind2=" ">
      <subfield code="a">Conservée au Musée des beaux-arts d'Arras</subfield>
    </datafield>
    <datafield tag="631" ind1=" " ind2=" ">
      <subfield code="a">Tapisserie d'Arras, fin 15e</subfield>
      <subfield code="a">Laine et chanvre</subfield>
    </datafield>
    <datafield tag="907" ind1=" " ind2=" ">
      <subfield code="o">GEA</subfield>
      <subfield code="a">008200654</subfield>
    </datafield>
    <datafield tag="917" ind1=" " ind2=" ">
      <subfield code="o">OPL</subfield>
      <subfield code="a">014091095</subfield>
    </datafield>
  </record>
  <record>
    <leader>00960c0 as22000272  45  </leader>
    <controlfield tag="001">FRBNF121559008</controlfield>
    <controlfield tag="003">http://catalogue.bnf.fr/ark:/12148/cb12155900b</controlfield>
    <controlfield tag="008">900726200228yy              12..                             210 </controlfield>
    <datafield tag="043" ind1=" " ind2=" ">
      <subfield code="o">ba</subfield>
    </datafield>
    <datafield tag="063" ind1=" " ind2=" ">
      <subfield code="a">bata</subfield>
      <subfield code="b">scebi</subfield>
    </datafield>
    <datafield tag="145" ind1="0" ind2=" ">
      <subfield code="w">.1 .b.fre.</subfield>
      <subfield code="a">Tapisserie de Gérone</subfield>
    </datafield>
    <datafield tag="445" ind1="0" ind2=" ">
      <subfield code="w">....b.fre.</subfield>
      <subfield code="a">Broderie de Gérone</subfield>
    </datafield>
    <datafield tag="445" ind1="0" ind2=" ">
      <subfield code="w">....b.fre1</subfield>
      <subfield code="a">Création</subfield>
      <subfield code="o">Tapisserie de la</subfield>
    </datafield>
    <datafield tag="445" ind1="0" ind2=" ">
      <subfield code="w">....b.fre1</subfield>
      <subfield code="a">Gérone</subfield>
      <subfield code="o">Tapisserie de</subfield>
    </datafield>
    <datafield tag="445" ind1="0" ind2=" ">
      <subfield code="w">....b.fre.</subfield>
      <subfield code="a">Tapisserie de la Création</subfield>
    </datafield>
    <datafield tag="445" ind1="0" ind2=" ">
      <subfield code="w">....b.fre.</subfield>
      <subfield code="a">Tapis de la Création</subfield>
    </datafield>
    <datafield tag="445" ind1="0" ind2=" ">
      <subfield code="w">....b.fre1</subfield>
      <subfield code="a">Création</subfield>
      <subfield code="o">Tapis de la</subfield>
    </datafield>
    <datafield tag="445" ind1="0" ind2=" ">
      <subfield code="w">....b.spa.</subfield>
      <subfield code="a">Tapiz de la Creación</subfield>
    </datafield>
    <datafield tag="610" ind1=" " ind2=" ">
      <subfield code="a">L'outil agricole et l'iconographie / P. Reigniez, 1994</subfield>
      <subfield code="a">Le Tapis de la création / Manuel Castiñeiras, 2011</subfield>
    </datafield>
    <datafield tag="624" ind1=" " ind2=" ">
      <subfield code="a">740</subfield>
    </datafield>
    <datafield tag="630" ind1=" " ind2=" ">
      <subfield code="a">La tapisserie (ou broderie) de Gérone se compose de trois cycles (la Création, le Calendrier et l'Invention de la Croix). Seule la composition circulaire de la Création nous est parvenue à peu près intacte</subfield>
      <subfield code="a">Elle datée de la fin du XIe siècle-début XIIe siècle</subfield>
      <subfield code="a">Se trouve dans la cathédrale de Gérone, Espagne</subfield>
    </datafield>
    <datafield tag="907" ind1=" " ind2=" ">
      <subfield code="o">GEA</subfield>
      <subfield code="a">002692921</subfield>
    </datafield>
    <datafield tag="917" ind1=" " ind2=" ">
      <subfield code="o">OPL</subfield>
      <subfield code="a">005207622</subfield>
    </datafield>
  </record>