
  <record>
    <leader>00462c1 as22000272  45  </leader>
    <controlfield tag="001">FRBNF144087374</controlfield>
    <controlfield tag="003">http://catalogue.bnf.fr/ark:/12148/cb14408737m</controlfield>
    <controlfield tag="008">020531200228yy              2000                             210 </controlfield>
    <datafield tag="043" ind1=" " ind2=" ">
      <subfield code="o">ba</subfield>
    </datafield>
    <datafield tag="063" ind1=" " ind2=" ">
      <subfield code="a">bavi</subfield>
      <subfield code="b">scebi</subfield>
    </datafield>
    <datafield tag="100" ind1=" " ind2=" ">
      <subfield code="3">13609454</subfield>
      <subfield code="1">ISNI0000000078387920</subfield>
      <subfield code="w">.0 .b.....</subfield>
      <subfield code="a">Ettl</subfield>
      <subfield code="m">Georg</subfield>
      <subfield code="d">1940-....</subfield>
    </datafield>
    <datafield tag="145" ind1="1" ind2=" ">
      <subfield code="w">.0..b.fre.</subfield>
      <subfield code="a">L'Apocalypse</subfield>
    </datafield>
    <datafield tag="610" ind1=" " ind2=" ">
      <subfield code="a">L'Apocalypse : vitraux de Georg Ettl, collégiale Saint-Barnard, Romans, Drôme, France, 2001</subfield>
    </datafield>
    <datafield tag="624" ind1=" " ind2=" ">
      <subfield code="a">740</subfield>
    </datafield>
    <datafield tag="630" ind1=" " ind2=" ">
      <subfield code="a">Vitrail commandé en 1997 et réalisé en 2000 par l'artiste Georg Ettl, à la collégiale Saint-Barnard (Romans, Drôme)</subfield>
    </datafield>
  </record>