
  <record>
    <leader>00426c1 as22000272  45  </leader>
    <controlfield tag="001">FRBNF161712725</controlfield>
    <controlfield tag="003">http://catalogue.bnf.fr/ark:/12148/cb161712728</controlfield>
    <controlfield tag="008">100113200306yy              2006                             210 </controlfield>
    <datafield tag="043" ind1=" " ind2=" ">
      <subfield code="o">ba</subfield>
    </datafield>
    <datafield tag="063" ind1=" " ind2=" ">
      <subfield code="a">bavi</subfield>
      <subfield code="b">scebi</subfield>
    </datafield>
    <datafield tag="100" ind1=" " ind2=" ">
      <subfield code="3">13542273</subfield>
      <subfield code="1">ISNI0000000081266812</subfield>
      <subfield code="w">.0 .b.....</subfield>
      <subfield code="a">Mulders</subfield>
      <subfield code="m">Marc</subfield>
      <subfield code="d">1958-....</subfield>
    </datafield>
    <datafield tag="145" ind1="1" ind2=" ">
      <subfield code="w">.0..b.fre.</subfield>
      <subfield code="a">Apocalypse</subfield>
    </datafield>
    <datafield tag="610" ind1=" " ind2=" ">
      <subfield code="a">Apocalypse : een glas-in-loodraam van Marc Mulders / Daan Van Speybroeck, 2006</subfield>
    </datafield>
    <datafield tag="624" ind1=" " ind2=" ">
      <subfield code="a">740</subfield>
    </datafield>
    <datafield tag="630" ind1=" " ind2=" ">
      <subfield code="a">Vitrail réalisé en 2006 et placé dans l'escalier du musée d'Utrecht, Museum Catharijneconvent</subfield>
    </datafield>
  </record>
  <record>
    <leader>00901c1 as22000272  45  </leader>
    <controlfield tag="001">FRBNF166011660</controlfield>
    <controlfield tag="003">http://catalogue.bnf.fr/ark:/12148/cb16601166g</controlfield>
    <controlfield tag="008">120531120601yy                                               210 </controlfield>
    <datafield tag="043" ind1=" " ind2=" ">
      <subfield code="o">ic</subfield>
      <subfield code="b">de</subfield>
    </datafield>
    <datafield tag="145" ind1="0" ind2=" ">
      <subfield code="w">.1..b.fre.</subfield>
      <subfield code="a">La Belle princesse</subfield>
      <subfield code="e">dessin</subfield>
    </datafield>
    <datafield tag="321" ind1="1" ind2=" ">
      <subfield code="3">11912491</subfield>
      <subfield code="9">100</subfield>
      <subfield code="w">.1..b.fre.</subfield>
      <subfield code="a">Léonard de Vinci</subfield>
      <subfield code="d">1452-1519</subfield>
    </datafield>
    <datafield tag="445" ind1="0" ind2=" ">
      <subfield code="w">....b.ita.</subfield>
      <subfield code="a">La Bella principessa</subfield>
      <subfield code="e">dessin</subfield>
    </datafield>
    <datafield tag="600" ind1=" " ind2=" ">
      <subfield code="a">Dessin sur vélin réalisé à la craie, au crayon et à l'encre, d'une dimension de 23 x 33 cm, monté dans un cadre en chêne. Représente une jeune femme de profil</subfield>
      <subfield code="a">Acheté par le collectionneur Peter Silverman à New York. D'après ses recherches, le dessin pourrait être une oeuvre de Léonard de Vinci, le personnage pourrait être identifié à Bianca Sforza et le dessin avoir été découpé d'un incunable conservé à Varsovie, la "Sforziada", oeuvre de commande pour le mariage de Galeazzo et Bianca Sforza en 1496</subfield>
    </datafield>
    <datafield tag="610" ind1=" " ind2=" ">
      <subfield code="a">La princesse perdue de Léonard de Vinci / Peter Silverman, DL 2012 : forme retenue</subfield>
    </datafield>
    <datafield tag="624" ind1=" " ind2=" ">
      <subfield code="a">740</subfield>
    </datafield>
  </record>
  <record>
    <leader>00292n1 as2200027   45  </leader>
    <controlfield tag="001">FRBNF177326134</controlfield>
    <controlfield tag="003">http://catalogue.bnf.fr/ark:/12148/cb17732613f</controlfield>
    <controlfield tag="008">180504      yy              1475      1500                   1   </controlfield>
    <datafield tag="043" ind1=" " ind2=" ">
      <subfield code="a">ic</subfield>
      <subfield code="b">es</subfield>
    </datafield>
    <datafield tag="145" ind1="0" ind2=" ">
      <subfield code="w"> 0  b fre </subfield>
      <subfield code="a">[Le Ciel et les sphères ]</subfield>
      <subfield code="e">[estampe]</subfield>
    </datafield>
    <datafield tag="600" ind1=" " ind2=" ">
      <subfield code="a">Estampe</subfield>
    </datafield>
    <datafield tag="610" ind1=" " ind2=" ">
      <subfield code="a">[Le Ciel et les sphères ] [Image fixe] : [estampe], [fin du XVe siècle]</subfield>
    </datafield>
    <datafield tag="624" ind1=" " ind2=" ">
      <subfield code="a">760</subfield>
    </datafield>
  </record>