
  <record>
    <leader>00325c1 as2200027   45  </leader>
    <controlfield tag="001">FRBNF177312654</controlfield>
    <controlfield tag="003">http://catalogue.bnf.fr/ark:/12148/cb17731265b</controlfield>
    <controlfield tag="008">180428180430yy              186.                             1   </controlfield>
    <datafield tag="043" ind1=" " ind2=" ">
      <subfield code="a">ic</subfield>
      <subfield code="b">ph</subfield>
    </datafield>
    <datafield tag="100" ind1=" " ind2=" ">
      <subfield code="3">11917338</subfield>
      <subfield code="1">ISNI0000000121418535</subfield>
      <subfield code="w"> 0 2b.....</subfield>
      <subfield code="a">Nadar</subfield>
      <subfield code="d">1820-1910</subfield>
    </datafield>
    <datafield tag="145" ind1="1" ind2=" ">
      <subfield code="w">.1..b.fre.</subfield>
      <subfield code="a">Portrait d'Hector Berlioz</subfield>
    </datafield>
    <datafield tag="600" ind1=" " ind2=" ">
      <subfield code="a">Photographie</subfield>
    </datafield>
    <datafield tag="610" ind1=" " ind2=" ">
      <subfield code="a">[Hector Berlioz] [Image fixe] : [photographie] / N [Nadar], [186.]</subfield>
    </datafield>
    <datafield tag="624" ind1=" " ind2=" ">
      <subfield code="a">770</subfield>
    </datafield>
  </record>