
  <record>
    <leader>00711c1 as2200027   45  </leader>
    <controlfield tag="001">FRBNF17700209X</controlfield>
    <controlfield tag="003">http://catalogue.bnf.fr/ark:/12148/cb177002090</controlfield>
    <controlfield tag="008">171208171211yyfre           1976                             210 </controlfield>
    <datafield tag="043" ind1=" " ind2=" ">
      <subfield code="a">mi</subfield>
      <subfield code="b">bd</subfield>
    </datafield>
    <datafield tag="100" ind1=" " ind2=" ">
      <subfield code="3">11905455</subfield>
      <subfield code="1">ISNI0000000121235579</subfield>
      <subfield code="w">.0..b.....</subfield>
      <subfield code="a">Goscinny</subfield>
      <subfield code="m">René</subfield>
      <subfield code="d">1926-1977</subfield>
    </datafield>
    <datafield tag="100" ind1=" " ind2=" ">
      <subfield code="3">11927309</subfield>
      <subfield code="1">ISNI0000000120959006</subfield>
      <subfield code="w">.0..b.....</subfield>
      <subfield code="a">Uderzo</subfield>
      <subfield code="m">Albert</subfield>
      <subfield code="d">1927-2020</subfield>
    </datafield>
    <datafield tag="145" ind1="2" ind2="6">
      <subfield code="w">.0..b.fre.</subfield>
      <subfield code="a">Les douze travaux d'Astérix</subfield>
    </datafield>
    <datafield tag="301" ind1="6" ind2=" ">
      <subfield code="3">16460057</subfield>
      <subfield code="t">Les douze travaux d'Astérix (film)</subfield>
    </datafield>
    <datafield tag="460" ind1=" " ind2=" ">
      <subfield code="w">....b.....</subfield>
      <subfield code="a">Uderzo</subfield>
      <subfield code="m">Albert</subfield>
      <subfield code="d">1927-....</subfield>
      <subfield code="t">Les douze travaux d'Astérix</subfield>
    </datafield>
    <datafield tag="600" ind1=" " ind2=" ">
      <subfield code="a">Bande dessinée inspirée des images du long métrage "Les 12 travaux d'Astérix", publié d'abord par épisodes dans le quotidien "Sud-Ouest" puis en recueil</subfield>
    </datafield>
    <datafield tag="609" ind1=" " ind2=" ">
      <subfield code="r">edi0</subfield>
      <subfield code="p">fr</subfield>
      <subfield code="a">Paris</subfield>
      <subfield code="d">1976</subfield>
    </datafield>
    <datafield tag="610" ind1=" " ind2=" ">
      <subfield code="a">Dictionnaire mondial de la BD / Patrick Gaumer, 2010 (sous : Astérix) : Les douze travaux d'Astérix</subfield>
    </datafield>
  </record>