
  <record>
    <leader>00431c1 as2200027   45  </leader>
    <controlfield tag="001">FRBNF171317153</controlfield>
    <controlfield tag="003">http://catalogue.bnf.fr/ark:/12148/cb171317154</controlfield>
    <controlfield tag="008">170607221020yyfre           1984      2001                   1   </controlfield>
    <datafield tag="043" ind1=" " ind2=" ">
      <subfield code="a">mi</subfield>
      <subfield code="g">1</subfield>
    </datafield>
    <datafield tag="065" ind1=" " ind2=" ">
      <subfield code="a">bdero</subfield>
    </datafield>
    <datafield tag="100" ind1=" " ind2=" ">
      <subfield code="3">11914198</subfield>
      <subfield code="1">ISNI0000000122808973</subfield>
      <subfield code="w">.0..b.....</subfield>
      <subfield code="a">Manara</subfield>
      <subfield code="m">Milo</subfield>
      <subfield code="d">1945-....</subfield>
    </datafield>
    <datafield tag="145" ind1="1" ind2="6">
      <subfield code="w">.0..b.fre.</subfield>
      <subfield code="a">Le déclic</subfield>
    </datafield>
    <datafield tag="301" ind1="6" ind2=" ">
      <subfield code="3">16462488</subfield>
      <subfield code="t">Le déclic (film)</subfield>
    </datafield>
    <datafield tag="600" ind1=" " ind2=" ">
      <subfield code="a">Série de bande dessinée érotique en 4 tomes</subfield>
    </datafield>
    <datafield tag="609" ind1=" " ind2=" ">
      <subfield code="r">edi1</subfield>
      <subfield code="d">1984</subfield>
      <subfield code="e">2001</subfield>
    </datafield>
    <datafield tag="610" ind1=" " ind2=" ">
      <subfield code="a">Dictionnaire mondial de la BD / Patrick Gaumer, DL 2010 (sous : Manara, Milo) : Le déclic</subfield>
    </datafield>
  </record>