
  <record>
    <leader>02006n1 as22000272  45  </leader>
    <controlfield tag="001">FRBNF14578636X</controlfield>
    <controlfield tag="003">http://catalogue.bnf.fr/ark:/12148/cb14578636m</controlfield>
    <controlfield tag="008">041103      yyfre           1929                             010 </controlfield>
    <datafield tag="043" ind1=" " ind2=" ">
      <subfield code="o">te</subfield>
    </datafield>
    <datafield tag="100" ind1=" " ind2=" ">
      <subfield code="3">11907331</subfield>
      <subfield code="1">ISNI0000000122841036</subfield>
      <subfield code="w"> 0 2b.....</subfield>
      <subfield code="a">Hergé</subfield>
      <subfield code="d">1907-1983</subfield>
    </datafield>
    <datafield tag="145" ind1="1" ind2="6">
      <subfield code="w">.0..b.....</subfield>
      <subfield code="a">Tintin</subfield>
    </datafield>
    <datafield tag="301" ind1="6" ind2=" ">
      <subfield code="3">14293264</subfield>
      <subfield code="t">Les aventures de Tintin (série télévisée)</subfield>
    </datafield>
    <datafield tag="301" ind1="8" ind2=" ">
      <subfield code="3">16617368</subfield>
      <subfield code="t">Tintin et les oranges bleues (film)</subfield>
    </datafield>
    <datafield tag="301" ind1="8" ind2=" ">
      <subfield code="3">16617353</subfield>
      <subfield code="t">Tintin et le mystère de la Toison d'or (film)</subfield>
    </datafield>
    <datafield tag="302" ind1=" " ind2=" ">
      <subfield code="3">18095097</subfield>
      <subfield code="a">Hergé</subfield>
      <subfield code="d">1907-1983</subfield>
      <subfield code="t">L'étoile mystérieuse</subfield>
    </datafield>
    <datafield tag="302" ind1=" " ind2=" ">
      <subfield code="3">18095096</subfield>
      <subfield code="a">Hergé</subfield>
      <subfield code="d">1907-1983</subfield>
      <subfield code="t">Tintin au pays de l'or noir</subfield>
    </datafield>
    <datafield tag="302" ind1=" " ind2=" ">
      <subfield code="3">18095095</subfield>
      <subfield code="a">Hergé</subfield>
      <subfield code="d">1907-1983</subfield>
      <subfield code="t">L'affaire Tournesol</subfield>
    </datafield>
    <datafield tag="302" ind1=" " ind2=" ">
      <subfield code="3">18095094</subfield>
      <subfield code="a">Hergé</subfield>
      <subfield code="d">1907-1983</subfield>
      <subfield code="t">Coke en stock</subfield>
    </datafield>
    <datafield tag="302" ind1=" " ind2=" ">
      <subfield code="3">18095087</subfield>
      <subfield code="a">Hergé</subfield>
      <subfield code="d">1907-1983</subfield>
      <subfield code="t">Le sceptre d'Ottokar</subfield>
    </datafield>
    <datafield tag="302" ind1=" " ind2=" ">
      <subfield code="3">18070309</subfield>
      <subfield code="a">Hergé</subfield>
      <subfield code="d">1907-1983</subfield>
      <subfield code="t">Tintin et l'Alph-art</subfield>
    </datafield>
    <datafield tag="302" ind1=" " ind2=" ">
      <subfield code="3">17729315</subfield>
      <subfield code="a">Hergé</subfield>
      <subfield code="d">1907-1983</subfield>
      <subfield code="t">Tintin au pays des Soviets</subfield>
    </datafield>
    <datafield tag="302" ind1=" " ind2=" ">
      <subfield code="3">17700133</subfield>
      <subfield code="a">Hergé</subfield>
      <subfield code="d">1907-1983</subfield>
      <subfield code="t">Le trésor de Rackham le Rouge</subfield>
    </datafield>
    <datafield tag="302" ind1=" " ind2=" ">
      <subfield code="3">17700132</subfield>
      <subfield code="a">Hergé</subfield>
      <subfield code="d">1907-1983</subfield>
      <subfield code="t">Le secret de la Licorne</subfield>
    </datafield>
    <datafield tag="302" ind1=" " ind2=" ">
      <subfield code="3">17006389</subfield>
      <subfield code="a">Hergé</subfield>
      <subfield code="d">1907-1983</subfield>
      <subfield code="t">Les bijoux de la Castafiore</subfield>
    </datafield>
    <datafield tag="302" ind1=" " ind2=" ">
      <subfield code="3">16759719</subfield>
      <subfield code="a">Hergé</subfield>
      <subfield code="d">1907-1983</subfield>
      <subfield code="t">Les sept boules de cristal</subfield>
    </datafield>
    <datafield tag="302" ind1=" " ind2=" ">
      <subfield code="3">16561698</subfield>
      <subfield code="a">Hergé</subfield>
      <subfield code="d">1907-1983</subfield>
      <subfield code="t">Le crabe aux pinces d'or</subfield>
    </datafield>
    <datafield tag="302" ind1=" " ind2=" ">
      <subfield code="3">14293133</subfield>
      <subfield code="a">Hergé</subfield>
      <subfield code="d">1907-1983</subfield>
      <subfield code="t">Le Temple du Soleil</subfield>
    </datafield>
    <datafield tag="302" ind1=" " ind2=" ">
      <subfield code="3">16143829</subfield>
      <subfield code="a">Hergé</subfield>
      <subfield code="d">1907-1983</subfield>
      <subfield code="t">Vol 714 pour Sydney</subfield>
    </datafield>
    <datafield tag="302" ind1=" " ind2=" ">
      <subfield code="3">16135825</subfield>
      <subfield code="a">Hergé</subfield>
      <subfield code="d">1907-1983</subfield>
      <subfield code="t">Tintin au Congo</subfield>
    </datafield>
    <datafield tag="302" ind1=" " ind2=" ">
      <subfield code="3">16135821</subfield>
      <subfield code="a">Hergé</subfield>
      <subfield code="d">1907-1983</subfield>
      <subfield code="t">Tintin en Amérique</subfield>
    </datafield>
    <datafield tag="302" ind1=" " ind2=" ">
      <subfield code="3">16135820</subfield>
      <subfield code="a">Hergé</subfield>
      <subfield code="d">1907-1983</subfield>
      <subfield code="t">Les cigares du Pharaon</subfield>
    </datafield>
    <datafield tag="302" ind1=" " ind2=" ">
      <subfield code="3">16135817</subfield>
      <subfield code="a">Hergé</subfield>
      <subfield code="d">1907-1983</subfield>
      <subfield code="t">Le lotus bleu</subfield>
    </datafield>
    <datafield tag="302" ind1=" " ind2=" ">
      <subfield code="3">16135815</subfield>
      <subfield code="a">Hergé</subfield>
      <subfield code="d">1907-1983</subfield>
      <subfield code="t">L'oreille cassée</subfield>
    </datafield>
    <datafield tag="302" ind1=" " ind2=" ">
      <subfield code="3">15064431</subfield>
      <subfield code="a">Hergé</subfield>
      <subfield code="d">1907-1983</subfield>
      <subfield code="t">L'île noire</subfield>
    </datafield>
    <datafield tag="302" ind1=" " ind2=" ">
      <subfield code="3">12201472</subfield>
      <subfield code="a">Hergé</subfield>
      <subfield code="d">1907-1983</subfield>
      <subfield code="t">Tintin au Tibet</subfield>
    </datafield>
    <datafield tag="302" ind1=" " ind2=" ">
      <subfield code="3">11976623</subfield>
      <subfield code="a">Hergé</subfield>
      <subfield code="d">1907-1983</subfield>
      <subfield code="t">On a marché sur la Lune</subfield>
    </datafield>
    <datafield tag="302" ind1=" " ind2=" ">
      <subfield code="3">11976622</subfield>
      <subfield code="a">Hergé</subfield>
      <subfield code="d">1907-1983</subfield>
      <subfield code="t">Objectif Lune</subfield>
    </datafield>
    <datafield tag="302" ind1=" " ind2=" ">
      <subfield code="3">12184172</subfield>
      <subfield code="a">Hergé</subfield>
      <subfield code="d">1907-1983</subfield>
      <subfield code="t">Tintin et les Picaros</subfield>
    </datafield>
    <datafield tag="600" ind1=" " ind2=" ">
      <subfield code="a">Série de bandes dessinées d'aventure</subfield>
      <subfield code="a">Conte les aventures de Tintin, reporter au journal le "Petit vingtième", qui parcourt le monde accompagné de Milou, un fox-terrier</subfield>
    </datafield>
    <datafield tag="610" ind1=" " ind2=" ">
      <subfield code="a">Dict. encyclopédique des héros et auteurs de BD / Henri Filippini, 1999</subfield>
    </datafield>
    <datafield tag="624" ind1=" " ind2=" ">
      <subfield code="a">740</subfield>
    </datafield>
    <datafield tag="624" ind1=" " ind2=" ">
      <subfield code="a">800</subfield>
    </datafield>
  </record>