
  <record>
    <leader>00647c1 as2200027   45  </leader>
    <controlfield tag="001">FRBNF170939750</controlfield>
    <controlfield tag="003">http://catalogue.bnf.fr/ark:/12148/cb170939753</controlfield>
    <controlfield tag="008">161215170105yyfre           1980                             010 </controlfield>
    <datafield tag="043" ind1=" " ind2=" ">
      <subfield code="a">mi</subfield>
      <subfield code="b">bd</subfield>
    </datafield>
    <datafield tag="100" ind1=" " ind2=" ">
      <subfield code="3">11908875</subfield>
      <subfield code="1">ISNI0000000121449753</subfield>
      <subfield code="w"> 0  b.....</subfield>
      <subfield code="a">Jodorowsky</subfield>
      <subfield code="m">Alexandro</subfield>
      <subfield code="d">1929-....</subfield>
    </datafield>
    <datafield tag="100" ind1=" " ind2=" ">
      <subfield code="3">11916363</subfield>
      <subfield code="1">ISNI0000000121036668</subfield>
      <subfield code="w"> 0 2b.....</subfield>
      <subfield code="a">Moebius</subfield>
      <subfield code="d">1938-2012</subfield>
    </datafield>
    <datafield tag="145" ind1="2" ind2="6">
      <subfield code="w">.0..b.fre.</subfield>
      <subfield code="a">L'Incal</subfield>
    </datafield>
    <datafield tag="445" ind1="2" ind2="6">
      <subfield code="w">....b.fre.</subfield>
      <subfield code="a">Une aventure de John Difool</subfield>
    </datafield>
    <datafield tag="460" ind1=" " ind2=" ">
      <subfield code="w">....b.....</subfield>
      <subfield code="a">Moebius</subfield>
      <subfield code="d">1938-2012</subfield>
      <subfield code="t">L'Incal</subfield>
    </datafield>
    <datafield tag="600" ind1=" " ind2=" ">
      <subfield code="a">Série de bandes dessinées de science-fiction</subfield>
      <subfield code="a">Scénario de Alexandro Jodorowsky, dessins de Moebius</subfield>
      <subfield code="a">Série continuée avec Zoran Janjetov et Ladrönn</subfield>
    </datafield>
    <datafield tag="610" ind1=" " ind2=" ">
      <subfield code="a">Dictionnaire mondial de la bande dessinée / P. Gaumer, 2001 (sous : Jodorowsky, Alexandro) : L'Incal</subfield>
    </datafield>
    <datafield tag="624" ind1=" " ind2=" ">
      <subfield code="a">740</subfield>
    </datafield>
    <datafield tag="624" ind1=" " ind2=" ">
      <subfield code="a">800</subfield>
    </datafield>
  </record>