
  <record>
    <leader>00764c0 as22000272  45  </leader>
    <controlfield tag="001">FRBNF145488498</controlfield>
    <controlfield tag="003">http://catalogue.bnf.fr/ark:/12148/cb14548849w</controlfield>
    <controlfield tag="008">040608161013yyfre           1968                             010 </controlfield>
    <datafield tag="043" ind1=" " ind2=" ">
      <subfield code="o">te</subfield>
    </datafield>
    <datafield tag="100" ind1=" " ind2=" ">
      <subfield code="3">11895623</subfield>
      <subfield code="1">ISNI0000000121184505</subfield>
      <subfield code="w">.0..b.....</subfield>
      <subfield code="a">Cauvin</subfield>
      <subfield code="m">Raoul</subfield>
      <subfield code="d">1938-....</subfield>
    </datafield>
    <datafield tag="100" ind1=" " ind2=" ">
      <subfield code="3">11910840</subfield>
      <subfield code="1">ISNI0000000122778401</subfield>
      <subfield code="w"> 0 2b.....</subfield>
      <subfield code="a">Lambil</subfield>
      <subfield code="m">Willy</subfield>
      <subfield code="d">1936-....</subfield>
    </datafield>
    <datafield tag="145" ind1="2" ind2="6">
      <subfield code="w">.0..b.fre.</subfield>
      <subfield code="a">Les Tuniques bleues</subfield>
    </datafield>
    <datafield tag="460" ind1=" " ind2=" ">
      <subfield code="w">....b.....</subfield>
      <subfield code="a">Lambil</subfield>
      <subfield code="m">Willy</subfield>
      <subfield code="d">1936-....</subfield>
      <subfield code="t">Les Tuniques bleues</subfield>
    </datafield>
    <datafield tag="600" ind1=" " ind2=" ">
      <subfield code="a">Série de bandes dessinées de western humoristique</subfield>
      <subfield code="a">Scénarios de Raoul Cauvin et dessins de Willy Lambil</subfield>
      <subfield code="a">Les 3 premiers albums de la série ont été dessinés par Salvé, alias Louis Salvérius, décédé en 1972</subfield>
    </datafield>
    <datafield tag="610" ind1=" " ind2=" ">
      <subfield code="a">Dict. encyclopédique des héros et auteurs de BD / Henri Filippini, 1999</subfield>
    </datafield>
    <datafield tag="610" ind1=" " ind2=" ">
      <subfield code="a">"Les Nancy Hart" : l'album de l'album / Willy Lambil &amp; Raoul Cauvin, 2004</subfield>
    </datafield>
    <datafield tag="624" ind1=" " ind2=" ">
      <subfield code="a">740</subfield>
    </datafield>
    <datafield tag="624" ind1=" " ind2=" ">
      <subfield code="a">800</subfield>
    </datafield>
    <datafield tag="996" ind1=" " ind2=" ">
      <subfield code="o">OPP</subfield>
      <subfield code="a">14548848</subfield>
      <subfield code="d">20161013</subfield>
    </datafield>
  </record>