
  <record>
    <leader>00546c0 as2200027   45  </leader>
    <controlfield tag="001">FRBNF167051451</controlfield>
    <controlfield tag="003">http://catalogue.bnf.fr/ark:/12148/cb16705145n</controlfield>
    <controlfield tag="008">130819161018yyfre           2011                             010 </controlfield>
    <datafield tag="043" ind1=" " ind2=" ">
      <subfield code="o">te</subfield>
    </datafield>
    <datafield tag="100" ind1=" " ind2=" ">
      <subfield code="3">12012817</subfield>
      <subfield code="1">ISNI0000000120963435</subfield>
      <subfield code="w">.0.2b.....</subfield>
      <subfield code="a">Yann</subfield>
      <subfield code="d">1954-....</subfield>
    </datafield>
    <datafield tag="100" ind1=" " ind2=" ">
      <subfield code="3">11909184</subfield>
      <subfield code="1">ISNI000000012278182X</subfield>
      <subfield code="w">.0..b.....</subfield>
      <subfield code="a">Juillard</subfield>
      <subfield code="m">André</subfield>
      <subfield code="d">1948-....</subfield>
    </datafield>
    <datafield tag="145" ind1="2" ind2="6">
      <subfield code="w">.0..b.cze </subfield>
      <subfield code="a">Mezek</subfield>
    </datafield>
    <datafield tag="460" ind1=" " ind2=" ">
      <subfield code="w">....b.....</subfield>
      <subfield code="a">Juillard</subfield>
      <subfield code="m">André</subfield>
      <subfield code="d">1948-....</subfield>
      <subfield code="t">Mezek</subfield>
    </datafield>
    <datafield tag="600" ind1=" " ind2=" ">
      <subfield code="a">Bande dessinée historique sur la guerre israélo-arabe de 1948</subfield>
      <subfield code="a">Scénario de Yann, dessins d'André Juillard</subfield>
    </datafield>
    <datafield tag="610" ind1=" " ind2=" ">
      <subfield code="a">Mezek : naissance d'une bande dessinée / Juillard &amp; Yann..., DL 2011</subfield>
    </datafield>
    <datafield tag="624" ind1=" " ind2=" ">
      <subfield code="a">800</subfield>
    </datafield>
    <datafield tag="624" ind1=" " ind2=" ">
      <subfield code="a">740</subfield>
    </datafield>
    <datafield tag="996" ind1=" " ind2=" ">
      <subfield code="o">OPP</subfield>
      <subfield code="a">16705315</subfield>
      <subfield code="d">20161018</subfield>
    </datafield>
  </record>