
  <record>
    <leader>00370c1 as2200027   45  </leader>
    <controlfield tag="001">FRBNF135175010</controlfield>
    <controlfield tag="003">http://catalogue.bnf.fr/ark:/12148/cb135175012</controlfield>
    <controlfield tag="008">981014050708yyfre           1986                             210 </controlfield>
    <datafield tag="043" ind1=" " ind2=" ">
      <subfield code="o">te</subfield>
    </datafield>
    <datafield tag="100" ind1=" " ind2=" ">
      <subfield code="3">11902191</subfield>
      <subfield code="1">ISNI0000000081655893</subfield>
      <subfield code="w">.0..b.....</subfield>
      <subfield code="a">Faizant</subfield>
      <subfield code="m">Jacques</subfield>
      <subfield code="d">1918-2006</subfield>
    </datafield>
    <datafield tag="145" ind1="1" ind2="6">
      <subfield code="w">.0..b.fre.</subfield>
      <subfield code="a">Le premier qui s'endort</subfield>
    </datafield>
    <datafield tag="600" ind1=" " ind2=" ">
      <subfield code="a">Bande dessinée humoristique</subfield>
    </datafield>
    <datafield tag="610" ind1=" " ind2=" ">
      <subfield code="a">WW France, 2002-2003 (sous : Faizant, Jacques)</subfield>
    </datafield>
    <datafield tag="624" ind1=" " ind2=" ">
      <subfield code="a">760</subfield>
    </datafield>
    <datafield tag="907" ind1=" " ind2=" ">
      <subfield code="o">GEA</subfield>
      <subfield code="a">008798283</subfield>
    </datafield>
    <datafield tag="917" ind1=" " ind2=" ">
      <subfield code="o">OPL</subfield>
      <subfield code="a">014084916</subfield>
    </datafield>
  </record>