
  <record>
    <leader>00708n1 as22000272  45  </leader>
    <controlfield tag="001">FRBNF171600895</controlfield>
    <controlfield tag="003">http://catalogue.bnf.fr/ark:/12148/cb171600894</controlfield>
    <controlfield tag="008">171026      yyeng           1940                             010 </controlfield>
    <datafield tag="043" ind1=" " ind2=" ">
      <subfield code="a">mi</subfield>
      <subfield code="b">bd</subfield>
      <subfield code="g">1</subfield>
    </datafield>
    <datafield tag="100" ind1=" " ind2=" ">
      <subfield code="3">12018313</subfield>
      <subfield code="1">ISNI0000000076903282</subfield>
      <subfield code="w"> 0..b.....</subfield>
      <subfield code="a">Simon</subfield>
      <subfield code="m">Joe</subfield>
      <subfield code="d">1913-2011</subfield>
    </datafield>
    <datafield tag="100" ind1=" " ind2=" ">
      <subfield code="3">11909781</subfield>
      <subfield code="1">ISNI0000000116918041</subfield>
      <subfield code="w"> 0 2b.....</subfield>
      <subfield code="a">Kirby</subfield>
      <subfield code="m">Jack</subfield>
      <subfield code="d">1917-1994</subfield>
    </datafield>
    <datafield tag="145" ind1="2" ind2="6">
      <subfield code="w">.0..b.eng.</subfield>
      <subfield code="a">Captain America</subfield>
    </datafield>
    <datafield tag="301" ind1="6" ind2=" ">
      <subfield code="3">17160009</subfield>
      <subfield code="t">Captain America (film ; série)</subfield>
    </datafield>
    <datafield tag="460" ind1=" " ind2=" ">
      <subfield code="w">....b.....</subfield>
      <subfield code="a">Kirby</subfield>
      <subfield code="m">Jack</subfield>
      <subfield code="d">1917-1994</subfield>
      <subfield code="t">Captain America</subfield>
    </datafield>
    <datafield tag="600" ind1=" " ind2=" ">
      <subfield code="a">Série de bandes dessinées</subfield>
      <subfield code="a">Comics de Marvel</subfield>
      <subfield code="a">Scénario des premiers épisodes par Joe Simon, dessins de Jack Kirby puis reprise par d'autres scénaristes et illustrateurs dont Stan Lee</subfield>
    </datafield>
    <datafield tag="609" ind1=" " ind2=" ">
      <subfield code="r">edi1</subfield>
      <subfield code="p">us</subfield>
      <subfield code="d">1940</subfield>
    </datafield>
    <datafield tag="610" ind1=" " ind2=" ">
      <subfield code="a">Dict. mondial de la bande dessinée / P. Gaumer, 2001 (sous : Simon, Joe) : Captain America</subfield>
    </datafield>
    <datafield tag="624" ind1=" " ind2=" ">
      <subfield code="a">740</subfield>
    </datafield>
    <datafield tag="624" ind1=" " ind2=" ">
      <subfield code="a">800</subfield>
    </datafield>
  </record>