
  <record>
    <leader>00594c1 as22000272  452 </leader>
    <controlfield tag="001">FRBNF167296575</controlfield>
    <controlfield tag="003">http://catalogue.bnf.fr/ark:/12148/cb16729657d</controlfield>
    <controlfield tag="008">131212140108yyjpn           2004      2013                   010 </controlfield>
    <datafield tag="043" ind1=" " ind2=" ">
      <subfield code="o">te</subfield>
    </datafield>
    <datafield tag="100" ind1=" " ind2=" ">
      <subfield code="3">16030363</subfield>
      <subfield code="1">ISNI0000000109226709</subfield>
      <subfield code="w">.0..bx....</subfield>
      <subfield code="a">Ōkubo</subfield>
      <subfield code="m">Atsushi</subfield>
      <subfield code="d">1979-....</subfield>
    </datafield>
    <datafield tag="145" ind1="1" ind2="6">
      <subfield code="w">.0..bxjpn.</subfield>
      <subfield code="a">Sōru ītā</subfield>
    </datafield>
    <datafield tag="145" ind1="1" ind2="6">
      <subfield code="w">.0..5.jpn.</subfield>
      <subfield code="a">ソウルイーター</subfield>
    </datafield>
    <datafield tag="445" ind1="1" ind2="6">
      <subfield code="w">....b.eng.</subfield>
      <subfield code="a">Soul eater</subfield>
    </datafield>
    <datafield tag="600" ind1=" " ind2=" ">
      <subfield code="a">Série de 25 mangas</subfield>
    </datafield>
    <datafield tag="610" ind1=" " ind2=" ">
      <subfield code="a">Web NDL, 2014</subfield>
      <subfield code="a">Manga sanctuary : Sōru Ītā (en caractères japonais)</subfield>
      <subfield code="u">http://www.manga-sanctuary.com/bdd/manga/3384-soul-eater/</subfield>
      <subfield code="d">2013-12-12</subfield>
    </datafield>
    <datafield tag="610" ind1=" " ind2=" ">
      <subfield code="a">BnF Service japonais, 2014-01-03</subfield>
    </datafield>
    <datafield tag="612" ind1=" " ind2=" ">
      <subfield code="a">Guide du manga / F. Dunis, F. Krecina, 2004</subfield>
    </datafield>
    <datafield tag="624" ind1=" " ind2=" ">
      <subfield code="a">740</subfield>
    </datafield>
  </record>