
  <record>
    <leader>00351n1 as2200027   45  </leader>
    <controlfield tag="001">FRBNF145673422</controlfield>
    <controlfield tag="003">http://catalogue.bnf.fr/ark:/12148/cb145673428</controlfield>
    <controlfield tag="008">040909      yyeng           1975                             010 </controlfield>
    <datafield tag="043" ind1=" " ind2=" ">
      <subfield code="o">te</subfield>
    </datafield>
    <datafield tag="100" ind1=" " ind2=" ">
      <subfield code="3">12644276</subfield>
      <subfield code="1">ISNI0000000110572844</subfield>
      <subfield code="w"> 0  b     </subfield>
      <subfield code="a">Vaughn-James</subfield>
      <subfield code="m">Martin</subfield>
      <subfield code="d">1943-....</subfield>
    </datafield>
    <datafield tag="145" ind1="1" ind2="6">
      <subfield code="w">.0..b.eng.</subfield>
      <subfield code="a">The cage</subfield>
    </datafield>
    <datafield tag="445" ind1="1" ind2="6">
      <subfield code="w">....b.fre.</subfield>
      <subfield code="a">La cage</subfield>
    </datafield>
    <datafield tag="600" ind1=" " ind2=" ">
      <subfield code="a">Roman graphique</subfield>
    </datafield>
    <datafield tag="610" ind1=" " ind2=" ">
      <subfield code="a">La construction de "La cage" / Thierry Groensteen, 2002</subfield>
    </datafield>
    <datafield tag="624" ind1=" " ind2=" ">
      <subfield code="a">740</subfield>
    </datafield>
    <datafield tag="624" ind1=" " ind2=" ">
      <subfield code="a">800</subfield>
    </datafield>
  </record>