
  <record>
    <leader>00534c1 as2200027   45  </leader>
    <controlfield tag="001">FRBNF177145550</controlfield>
    <controlfield tag="003">http://catalogue.bnf.fr/ark:/12148/cb177145555</controlfield>
    <controlfield tag="008">180212180213yyjpn           1997                             010 </controlfield>
    <datafield tag="043" ind1=" " ind2=" ">
      <subfield code="a">ic</subfield>
      <subfield code="b">de</subfield>
    </datafield>
    <datafield tag="100" ind1=" " ind2=" ">
      <subfield code="3">14427704</subfield>
      <subfield code="1">ISNI000000008362488X</subfield>
      <subfield code="w">.0..bx....</subfield>
      <subfield code="a">Oda</subfield>
      <subfield code="m">Eiichirō</subfield>
      <subfield code="d">1975-....</subfield>
    </datafield>
    <datafield tag="145" ind1="1" ind2="6">
      <subfield code="w">.0..b.eng.</subfield>
      <subfield code="a">One piece</subfield>
    </datafield>
    <datafield tag="301" ind1="8" ind2=" ">
      <subfield code="3">17838405</subfield>
      <subfield code="t">One piece. World seeker (jeu vidéo)</subfield>
    </datafield>
    <datafield tag="600" ind1=" " ind2=" ">
      <subfield code="a">Série de mangas shônen</subfield>
      <subfield code="a">Prépubliée au Japon dans le magazine "Weekly shonen jump"</subfield>
      <subfield code="a">Éditée en France par Glénat</subfield>
    </datafield>
    <datafield tag="609" ind1=" " ind2=" ">
      <subfield code="r">edi1</subfield>
      <subfield code="p">jp</subfield>
      <subfield code="d">1997</subfield>
    </datafield>
    <datafield tag="609" ind1=" " ind2=" ">
      <subfield code="r">edi0</subfield>
      <subfield code="p">fr</subfield>
      <subfield code="d">2000</subfield>
    </datafield>
    <datafield tag="610" ind1=" " ind2=" ">
      <subfield code="a">Manga sanctuary</subfield>
      <subfield code="u">https://www.manga-sanctuary.com/bdd/manga/736-one-piece</subfield>
      <subfield code="d">2018-02-12</subfield>
    </datafield>
    <datafield tag="624" ind1=" " ind2=" ">
      <subfield code="a">740</subfield>
    </datafield>
  </record>