
  <record>
    <leader>00528c0 as22000272  45  </leader>
    <controlfield tag="001">FRBNF144447452</controlfield>
    <controlfield tag="003">http://catalogue.bnf.fr/ark:/12148/cb144447453</controlfield>
    <controlfield tag="008">030102080421yyita           1974                             010 </controlfield>
    <datafield tag="043" ind1=" " ind2=" ">
      <subfield code="o">te</subfield>
    </datafield>
    <datafield tag="100" ind1=" " ind2=" ">
      <subfield code="3">11920562</subfield>
      <subfield code="1">ISNI0000000121426092</subfield>
      <subfield code="w">.0..b.....</subfield>
      <subfield code="a">Pratt</subfield>
      <subfield code="m">Hugo</subfield>
      <subfield code="d">1927-1995</subfield>
    </datafield>
    <datafield tag="145" ind1="1" ind2="6">
      <subfield code="w">.0..b.ita.</subfield>
      <subfield code="a">Corto Sconta dette Arcana</subfield>
    </datafield>
    <datafield tag="301" ind1="6" ind2=" ">
      <subfield code="3">14444728</subfield>
      <subfield code="t">Corto Maltese, la cour secrète des Arcanes (film)</subfield>
    </datafield>
    <datafield tag="445" ind1="1" ind2="6">
      <subfield code="w">....b.fre.</subfield>
      <subfield code="a">Corto Maltese en Sibérie</subfield>
    </datafield>
    <datafield tag="502" ind1=" " ind2=" ">
      <subfield code="3">17006273</subfield>
      <subfield code="a">Pratt</subfield>
      <subfield code="m">Hugo</subfield>
      <subfield code="d">1927-1995</subfield>
      <subfield code="t">Corto Maltese</subfield>
    </datafield>
    <datafield tag="600" ind1=" " ind2=" ">
      <subfield code="a">Bande dessinée</subfield>
    </datafield>
    <datafield tag="610" ind1=" " ind2=" ">
      <subfield code="a">Dictionnaire mondiale de la bande dessinée / Patrick Gaumer, Claude Moliterni, 1994 : forme retenue</subfield>
    </datafield>
    <datafield tag="624" ind1=" " ind2=" ">
      <subfield code="a">740</subfield>
    </datafield>
  </record>
  <record>
    <leader>00544c1 as22000272  45  </leader>
    <controlfield tag="001">FRBNF171557650</controlfield>
    <controlfield tag="003">http://catalogue.bnf.fr/ark:/12148/cb171557652</controlfield>
    <controlfield tag="008">171006171009esspa           1962                             210 </controlfield>
    <datafield tag="043" ind1=" " ind2=" ">
      <subfield code="a">ca</subfield>
    </datafield>
    <datafield tag="145" ind1="0" ind2="6">
      <subfield code="w">.0..b.spa.</subfield>
      <subfield code="a">Atlas lingüístico de la Peninsula ibérica</subfield>
    </datafield>
    <datafield tag="445" ind1="0" ind2="6">
      <subfield code="w">....b.spa.</subfield>
      <subfield code="a">ALPI</subfield>
    </datafield>
    <datafield tag="600" ind1=" " ind2=" ">
      <subfield code="a">Atlas linguistique</subfield>
    </datafield>
    <datafield tag="609" ind1=" " ind2=" ">
      <subfield code="r">edi1</subfield>
      <subfield code="d">1962</subfield>
    </datafield>
    <datafield tag="610" ind1=" " ind2=" ">
      <subfield code="a">La historia interna del Atlas lingüístico de la Península ibérica / introducción, selección y notas, Santi Cortés, Vicent García Perales ; presentación de José Jesús de Bustos Tovar ; epílogo de David Heap, 2009</subfield>
    </datafield>
    <datafield tag="610" ind1=" " ind2=" ">
      <subfield code="a">ALPI</subfield>
      <subfield code="u">http://alpi.csic.es</subfield>
      <subfield code="d">2017-10-06</subfield>
    </datafield>
    <datafield tag="624" ind1=" " ind2=" ">
      <subfield code="a">400</subfield>
    </datafield>
  </record>