
  <record>
    <leader>00609c0 as22000272  45  </leader>
    <controlfield tag="001">FRBNF120469255</controlfield>
    <controlfield tag="003">http://catalogue.bnf.fr/ark:/12148/cb12046925j</controlfield>
    <controlfield tag="008">870904170511yy              1985                             010 </controlfield>
    <datafield tag="043" ind1=" " ind2=" ">
      <subfield code="a">ch</subfield>
    </datafield>
    <datafield tag="100" ind1=" " ind2=" ">
      <subfield code="3">12088263</subfield>
      <subfield code="1">ISNI0000000121348709</subfield>
      <subfield code="w">.0..b.....</subfield>
      <subfield code="a">Marin</subfield>
      <subfield code="m">Maguy</subfield>
      <subfield code="d">1951-....</subfield>
    </datafield>
    <datafield tag="145" ind1="1" ind2=" ">
      <subfield code="w">.0  b.fre.</subfield>
      <subfield code="a">Cendrillon</subfield>
    </datafield>
    <datafield tag="301" ind1="7" ind2=" ">
      <subfield code="3">14868217</subfield>
      <subfield code="a">Perrault</subfield>
      <subfield code="m">Charles</subfield>
      <subfield code="d">1628-1703</subfield>
      <subfield code="t">Cendrillon</subfield>
    </datafield>
    <datafield tag="320" ind1=" " ind2=" ">
      <subfield code="3">13917236</subfield>
      <subfield code="9">144</subfield>
      <subfield code="a">Prokofʹev</subfield>
      <subfield code="m">Sergej Sergeevič</subfield>
      <subfield code="d">1891-1953</subfield>
      <subfield code="t">[Zoluška. Op. 87 (Musique de ballet)]</subfield>
    </datafield>
    <datafield tag="445" ind1="1" ind2=" ">
      <subfield code="w">... b.eng.</subfield>
      <subfield code="a">Cinderella</subfield>
    </datafield>
    <datafield tag="609" ind1=" " ind2=" ">
      <subfield code="r">rcr1</subfield>
      <subfield code="p">fr</subfield>
      <subfield code="a">Lyon</subfield>
      <subfield code="d">1985-11-29</subfield>
      <subfield code="t">par le Ballet de l'opéra de Lyon</subfield>
    </datafield>
    <datafield tag="610" ind1=" " ind2=" ">
      <subfield code="a">Dictionnaire de la danse / sous la direction de Philippe Le Moal, 1999</subfield>
    </datafield>
    <datafield tag="624" ind1=" " ind2=" ">
      <subfield code="a">790</subfield>
    </datafield>
    <datafield tag="907" ind1=" " ind2=" ">
      <subfield code="o">GEA</subfield>
      <subfield code="a">00169680X</subfield>
    </datafield>
    <datafield tag="917" ind1=" " ind2=" ">
      <subfield code="o">OPL</subfield>
      <subfield code="a">003457680</subfield>
    </datafield>
  </record>
  <record>
    <leader>01227c0 as2200027   45  </leader>
    <controlfield tag="001">FRBNF120163365</controlfield>
    <controlfield tag="003">http://catalogue.bnf.fr/ark:/12148/cb12016336x</controlfield>
    <controlfield tag="008">840420201012frfre           1947                             010 </controlfield>
    <datafield tag="016" ind1=" " ind2=" ">
      <subfield code="a">5863</subfield>
    </datafield>
    <datafield tag="032" ind1=" " ind2=" ">
      <subfield code="a">0000-0000-101B-0000-8-0000-0000-D</subfield>
    </datafield>
    <datafield tag="043" ind1=" " ind2=" ">
      <subfield code="o">au</subfield>
    </datafield>
    <datafield tag="061" ind1=" " ind2=" ">
      <subfield code="a">fi</subfield>
      <subfield code="b">ff</subfield>
      <subfield code="c">ffdr</subfield>
      <subfield code="k">ml</subfield>
    </datafield>
    <datafield tag="145" ind1="0" ind2="3">
      <subfield code="w">.0..b.fre.</subfield>
      <subfield code="a">Le diable au corps</subfield>
      <subfield code="f">film</subfield>
      <subfield code="d">1947</subfield>
    </datafield>
    <datafield tag="301" ind1="5" ind2=" ">
      <subfield code="3">12025195</subfield>
      <subfield code="a">Radiguet</subfield>
      <subfield code="m">Raymond</subfield>
      <subfield code="d">1903-1923</subfield>
      <subfield code="t">Le diable au corps</subfield>
    </datafield>
    <datafield tag="321" ind1="3" ind2=" ">
      <subfield code="3">12016335</subfield>
      <subfield code="9">100</subfield>
      <subfield code="w">.0..b.....</subfield>
      <subfield code="a">Autant-Lara</subfield>
      <subfield code="m">Claude</subfield>
      <subfield code="d">1901-2000</subfield>
    </datafield>
    <datafield tag="445" ind1="0" ind2="3">
      <subfield code="w">....b.eng.</subfield>
      <subfield code="a">Devil in the flesh</subfield>
      <subfield code="f">film</subfield>
      <subfield code="d">1947</subfield>
    </datafield>
    <datafield tag="460" ind1=" " ind2=" ">
      <subfield code="w">....b.....</subfield>
      <subfield code="a">Autant-Lara</subfield>
      <subfield code="m">Claude</subfield>
      <subfield code="d">1901-2000</subfield>
      <subfield code="t">Le diable au corps</subfield>
    </datafield>
    <datafield tag="600" ind1=" " ind2=" ">
      <subfield code="a">Avec Micheline Presle, Gérard Philipe</subfield>
    </datafield>
    <datafield tag="609" ind1=" " ind2=" ">
      <subfield code="r">cop0</subfield>
      <subfield code="d">1947</subfield>
    </datafield>
    <datafield tag="609" ind1=" " ind2=" ">
      <subfield code="r">sor1</subfield>
      <subfield code="p">fr</subfield>
      <subfield code="d">1947-04-19</subfield>
    </datafield>
    <datafield tag="610" ind1=" " ind2=" ">
      <subfield code="a">Wikipédia</subfield>
      <subfield code="u">https://fr.wikipedia.org/wiki/Le_Diable_au_corps_(film,_1947)</subfield>
      <subfield code="d">2020-03-05</subfield>
    </datafield>
    <datafield tag="610" ind1=" " ind2=" ">
      <subfield code="a">Registre des visas et de la classification du CNC</subfield>
      <subfield code="u">https://www.cnc.fr/professionnels/visas-et-classification/5863</subfield>
      <subfield code="d">2020-07-02</subfield>
    </datafield>
    <datafield tag="610" ind1=" " ind2=" ">
      <subfield code="a">Ciné-ressources : catalogue collectif des bibliothèques et archives de cinéma</subfield>
      <subfield code="u">http://www.cineressources.net/</subfield>
      <subfield code="d">2012-07-20</subfield>
    </datafield>
    <datafield tag="624" ind1=" " ind2=" ">
      <subfield code="a">791</subfield>
    </datafield>
    <datafield tag="699" ind1=" " ind2=" ">
      <subfield code="x">701</subfield>
      <subfield code="1">FRBNF12456162</subfield>
      <subfield code="a">Presle</subfield>
      <subfield code="m">Micheline</subfield>
      <subfield code="d">1922-....</subfield>
      <subfield code="4">1010</subfield>
    </datafield>
    <datafield tag="699" ind1=" " ind2=" ">
      <subfield code="x">701</subfield>
      <subfield code="1">FRBNF13192723</subfield>
      <subfield code="a">Philipe</subfield>
      <subfield code="m">Gérard</subfield>
      <subfield code="d">1922-1959</subfield>
      <subfield code="4">1010</subfield>
    </datafield>
    <datafield tag="907" ind1=" " ind2=" ">
      <subfield code="o">GEA</subfield>
      <subfield code="a">001481501</subfield>
    </datafield>
    <datafield tag="917" ind1=" " ind2=" ">
      <subfield code="o">OPL</subfield>
      <subfield code="a">002672541</subfield>
    </datafield>
    <datafield tag="917" ind1=" " ind2=" ">
      <subfield code="o">OPP</subfield>
      <subfield code="a">39524462</subfield>
      <subfield code="b">SPE</subfield>
    </datafield>
    <datafield tag="917" ind1=" " ind2=" ">
      <subfield code="o">OPS</subfield>
      <subfield code="a">000312980</subfield>
      <subfield code="b">SPE</subfield>
    </datafield>
    <datafield tag="996" ind1=" " ind2=" ">
      <subfield code="o">OPP</subfield>
      <subfield code="a">16463315</subfield>
      <subfield code="d">20140201</subfield>
    </datafield>
  </record>