
  <record>
    <leader>00705c0 as22000272  45  </leader>
    <controlfield tag="001">FRBNF120773354</controlfield>
    <controlfield tag="003">http://catalogue.bnf.fr/ark:/12148/cb120773352</controlfield>
    <controlfield tag="008">880615160810yy              1978                             210 </controlfield>
    <datafield tag="043" ind1=" " ind2=" ">
      <subfield code="a">ic</subfield>
    </datafield>
    <datafield tag="100" ind1=" " ind2=" ">
      <subfield code="3">11962721</subfield>
      <subfield code="1">ISNI0000000081317632</subfield>
      <subfield code="w">.0..b.....</subfield>
      <subfield code="a">Testa</subfield>
      <subfield code="m">Clorindo Manuel José</subfield>
      <subfield code="d">1923-2013</subfield>
    </datafield>
    <datafield tag="145" ind1="1" ind2=" ">
      <subfield code="w">.0  b.fre.</subfield>
      <subfield code="a">La Peste en Ceppaloni</subfield>
    </datafield>
    <datafield tag="445" ind1="1" ind2=" ">
      <subfield code="w">....b.....</subfield>
      <subfield code="a">Peste</subfield>
    </datafield>
    <datafield tag="445" ind1="1" ind2=" ">
      <subfield code="w">....b.spa.</subfield>
      <subfield code="a">El paso de la peste por Ceppaloni</subfield>
    </datafield>
    <datafield tag="445" ind1="1" ind2=" ">
      <subfield code="w">....b.eng.</subfield>
      <subfield code="a">The plague in Ceppaloni</subfield>
    </datafield>
    <datafield tag="600" ind1=" " ind2=" ">
      <subfield code="a">Une série de dessins et d'estampes</subfield>
    </datafield>
    <datafield tag="610" ind1=" " ind2=" ">
      <subfield code="a">La Peste en Ceppaloni : exhibición en la Galería Florida 948, Buenos Aires, setiembre 1978</subfield>
    </datafield>
    <datafield tag="610" ind1=" " ind2=" ">
      <subfield code="a">Oxford art online</subfield>
      <subfield code="u">http://www.oxfordartonline.com/subscriber/article/grove/art/T083986?q=testa&amp;search=quick&amp;pos=11&amp;_start=1#firsthit</subfield>
      <subfield code="d">2016-08-10</subfield>
    </datafield>
    <datafield tag="624" ind1=" " ind2=" ">
      <subfield code="a">760</subfield>
    </datafield>
    <datafield tag="907" ind1=" " ind2=" ">
      <subfield code="o">GEA</subfield>
      <subfield code="a">001951641</subfield>
    </datafield>
    <datafield tag="917" ind1=" " ind2=" ">
      <subfield code="o">OPL</subfield>
      <subfield code="a">004047951</subfield>
    </datafield>
  </record>
  <record>
    <leader>01595c0 as22000272  45  </leader>
    <controlfield tag="001">FRBNF120433679</controlfield>
    <controlfield tag="003">http://catalogue.bnf.fr/ark:/12148/cb120433673</controlfield>
    <controlfield tag="008">870625190206                                                 210 </controlfield>
    <datafield tag="043" ind1=" " ind2=" ">
      <subfield code="a">lo</subfield>
    </datafield>
    <datafield tag="145" ind1="0" ind2=" ">
      <subfield code="w">.0..b.....</subfield>
      <subfield code="a">SAS</subfield>
      <subfield code="f">logiciel</subfield>
    </datafield>
    <datafield tag="302" ind1=" " ind2=" ">
      <subfield code="3">16624686</subfield>
      <subfield code="w">....b.....</subfield>
      <subfield code="a">SAS Enterprise Guide</subfield>
      <subfield code="f">logiciel</subfield>
    </datafield>
    <datafield tag="302" ind1=" " ind2=" ">
      <subfield code="3">13186029</subfield>
      <subfield code="w">....b.....</subfield>
      <subfield code="a">SAS/AF</subfield>
      <subfield code="f">logiciel</subfield>
    </datafield>
    <datafield tag="445" ind1="0" ind2=" ">
      <subfield code="w">....b.....</subfield>
      <subfield code="a">Statistical Analysis System</subfield>
      <subfield code="f">logiciel</subfield>
    </datafield>
    <datafield tag="510" ind1=" " ind2=" ">
      <subfield code="3">11959464</subfield>
      <subfield code="9">166</subfield>
      <subfield code="w">....b.....</subfield>
      <subfield code="a">Statistique</subfield>
      <subfield code="x">Logiciels</subfield>
    </datafield>
    <datafield tag="600" ind1=" " ind2=" ">
      <subfield code="a">Édité par SAS Institute Inc.</subfield>
    </datafield>
    <datafield tag="610" ind1=" " ind2=" ">
      <subfield code="a">La technologie FRAME / L. Abjean...[s.d.]</subfield>
    </datafield>
    <datafield tag="624" ind1=" " ind2=" ">
      <subfield code="a">621</subfield>
    </datafield>
    <datafield tag="624" ind1=" " ind2=" ">
      <subfield code="a">510</subfield>
    </datafield>
    <datafield tag="631" ind1=" " ind2=" ">
      <subfield code="a">Internet : http://www.sas.com/FAQ/answers/sas.html, 1999-01-25 : Back in 1976, when SAS Institute was founded, SAS was an acronym for statistical analysis system. But a lot has changed since 1976 -- particularly the range of decision support applications offered by SAS Institute...</subfield>
    </datafield>
    <datafield tag="631" ind1=" " ind2=" ">
      <subfield code="a">...While we still offer statistical applications, we also offer solutions for data warehousing, data mining, OLAP, data visualization, applications development, and much, much more. That is why today's SAS (rhymes with class) is no longer an acronym for any particular application. Rather, it is a brand name</subfield>
    </datafield>
    <datafield tag="631" ind1=" " ind2=" ">
      <subfield code="a">SAS Institute (France) : ACN ACO 510724</subfield>
    </datafield>
    <datafield tag="631" ind1=" " ind2=" ">
      <subfield code="a">SAS/AF : AF = Application Facilities</subfield>
      <subfield code="a">la notion de "FRAME" correspond bien à celle des "frames" constituant certains écrans sur le Web</subfield>
    </datafield>
    <datafield tag="907" ind1=" " ind2=" ">
      <subfield code="o">GEA</subfield>
      <subfield code="a">001661232</subfield>
    </datafield>
    <datafield tag="917" ind1=" " ind2=" ">
      <subfield code="o">OPL</subfield>
      <subfield code="a">003420283</subfield>
    </datafield>
  </record>