
  <record>
    <leader>00553c0 as22000272  45  </leader>
    <controlfield tag="001">FRBNF122197487</controlfield>
    <controlfield tag="003">http://catalogue.bnf.fr/ark:/12148/cb122197483</controlfield>
    <controlfield tag="008">910927161006yy              1975      1985                   210 </controlfield>
    <datafield tag="043" ind1=" " ind2=" ">
      <subfield code="a">pl</subfield>
    </datafield>
    <datafield tag="100" ind1=" " ind2=" ">
      <subfield code="3">12210103</subfield>
      <subfield code="1">ISNI0000000079803834</subfield>
      <subfield code="w">.0.2b.....</subfield>
      <subfield code="a">Christo</subfield>
      <subfield code="d">1935-2020</subfield>
    </datafield>
    <datafield tag="100" ind1=" " ind2=" ">
      <subfield code="3">13519694</subfield>
      <subfield code="1">ISNI0000000117719490</subfield>
      <subfield code="w">.0.2b.....</subfield>
      <subfield code="a">Jeanne-Claude</subfield>
      <subfield code="d">1935-2009</subfield>
    </datafield>
    <datafield tag="145" ind1="2" ind2=" ">
      <subfield code="w">.0  b.fre.</subfield>
      <subfield code="a">Le Pont-Neuf empaqueté</subfield>
    </datafield>
    <datafield tag="445" ind1="2" ind2=" ">
      <subfield code="w">    b.eng.</subfield>
      <subfield code="a">The Pont-Neuf wrapped</subfield>
    </datafield>
    <datafield tag="460" ind1=" " ind2=" ">
      <subfield code="w">....b.....</subfield>
      <subfield code="a">Jeanne-Claude</subfield>
      <subfield code="d">1935-2009</subfield>
      <subfield code="t">Le Pont-Neuf empaqueté</subfield>
    </datafield>
    <datafield tag="600" ind1=" " ind2=" ">
      <subfield code="a">Emballage du Pont-Neuf à Paris de toile gris argent</subfield>
    </datafield>
    <datafield tag="610" ind1=" " ind2=" ">
      <subfield code="a">Encycl. universalis</subfield>
    </datafield>
    <datafield tag="624" ind1=" " ind2=" ">
      <subfield code="a">700</subfield>
    </datafield>
    <datafield tag="907" ind1=" " ind2=" ">
      <subfield code="o">GEA</subfield>
      <subfield code="a">003099386</subfield>
    </datafield>
    <datafield tag="917" ind1=" " ind2=" ">
      <subfield code="o">OPL</subfield>
      <subfield code="a">007765348</subfield>
    </datafield>
    <datafield tag="996" ind1=" " ind2=" ">
      <subfield code="o">OPP</subfield>
      <subfield code="a">15053712</subfield>
      <subfield code="d">20161006</subfield>
    </datafield>
  </record>
  <record>
    <leader>00758c0 as22000272  45  </leader>
    <controlfield tag="001">FRBNF131947272</controlfield>
    <controlfield tag="003">http://catalogue.bnf.fr/ark:/12148/cb13194727j</controlfield>
    <controlfield tag="008">980615221229useng           1964      1966                   010 </controlfield>
    <datafield tag="032" ind1=" " ind2=" ">
      <subfield code="a">0000-0000-C3A7</subfield>
    </datafield>
    <datafield tag="043" ind1=" " ind2=" ">
      <subfield code="o">au</subfield>
      <subfield code="g">1</subfield>
    </datafield>
    <datafield tag="061" ind1=" " ind2=" ">
      <subfield code="a">st</subfield>
      <subfield code="g">stfa</subfield>
    </datafield>
    <datafield tag="145" ind1="0" ind2="3">
      <subfield code="w">.0 .b.eng.</subfield>
      <subfield code="a">The Addams family</subfield>
      <subfield code="e">série télévisée</subfield>
    </datafield>
    <datafield tag="445" ind1="0" ind2="3">
      <subfield code="w">.  .b.fre.</subfield>
      <subfield code="a">La famille Addams</subfield>
      <subfield code="e">série télévisée</subfield>
    </datafield>
    <datafield tag="600" ind1=" " ind2=" ">
      <subfield code="a">Adaptée de la bande dessiné de Charles Addams</subfield>
    </datafield>
    <datafield tag="609" ind1=" " ind2=" ">
      <subfield code="r">dif1</subfield>
      <subfield code="p">us</subfield>
      <subfield code="d">1964-09-18</subfield>
      <subfield code="t">sur ABC</subfield>
    </datafield>
    <datafield tag="609" ind1=" " ind2=" ">
      <subfield code="r">dif9</subfield>
      <subfield code="p">us</subfield>
      <subfield code="d">1966-04-08</subfield>
      <subfield code="t">sur ABC</subfield>
    </datafield>
    <datafield tag="609" ind1=" " ind2=" ">
      <subfield code="r">dif1</subfield>
      <subfield code="p">fr</subfield>
      <subfield code="d">1987-09-19</subfield>
      <subfield code="t">sur M6</subfield>
    </datafield>
    <datafield tag="610" ind1=" " ind2=" ">
      <subfield code="a">Télé feuilletons / J.-J. Jelot-Blanc, 1993</subfield>
    </datafield>
    <datafield tag="624" ind1=" " ind2=" ">
      <subfield code="a">791</subfield>
    </datafield>
    <datafield tag="630" ind1=" " ind2=" ">
      <subfield code="a">Série diffusée sur 2 saisons (34 épisodes pour la saison 1 ; 30 épisodes pour la saison 2)</subfield>
      <subfield code="a">Adaptée de la bande dessiné de Charles Addams</subfield>
      <subfield code="a">Sur une idée originale de David Levy</subfield>
    </datafield>
    <datafield tag="907" ind1=" " ind2=" ">
      <subfield code="o">GEA</subfield>
      <subfield code="a">008040160</subfield>
    </datafield>
    <datafield tag="917" ind1=" " ind2=" ">
      <subfield code="o">OPL</subfield>
      <subfield code="a">013891038</subfield>
    </datafield>
    <datafield tag="996" ind1=" " ind2=" ">
      <subfield code="o">OPP</subfield>
      <subfield code="a">14294377</subfield>
      <subfield code="d">20120102</subfield>
    </datafield>
  </record>
  <record>
    <leader>01064c0 at22000272  45  </leader>
    <controlfield tag="001">FRBNF125545778</controlfield>
    <controlfield tag="003">http://catalogue.bnf.fr/ark:/12148/cb125545778</controlfield>
    <controlfield tag="008">970225110323zzara                                            1   </controlfield>
    <datafield tag="141" ind1=" " ind2=" ">
      <subfield code="w">.1..b.fre.</subfield>
      <subfield code="a">Mille et une nuits</subfield>
      <subfield code="i">Ganem</subfield>
    </datafield>
    <datafield tag="141" ind1=" " ind2=" ">
      <subfield code="w">.0..baara.</subfield>
      <subfield code="a">Alf laylaẗ wa-laylaẗ</subfield>
      <subfield code="i">Ġānim</subfield>
    </datafield>
    <datafield tag="441" ind1=" " ind2=" ">
      <subfield code="w">....b.fre.</subfield>
      <subfield code="a">Ganem, fils d'Abou Ayoub, surnommé l'esclave d'amour</subfield>
    </datafield>
    <datafield tag="441" ind1=" " ind2=" ">
      <subfield code="w">....b.fre.</subfield>
      <subfield code="a">Ganim</subfield>
    </datafield>
    <datafield tag="441" ind1=" " ind2=" ">
      <subfield code="w">....b.fre.</subfield>
      <subfield code="a">Ghanem ben Ayoub et Qout el-Qoulub</subfield>
    </datafield>
    <datafield tag="441" ind1=" " ind2=" ">
      <subfield code="w">....b.fre.</subfield>
      <subfield code="a">Histoire de Ganem, fils d'Abou Aibou, l'esclave d'amour</subfield>
    </datafield>
    <datafield tag="441" ind1=" " ind2=" ">
      <subfield code="w">....b.fre.</subfield>
      <subfield code="a">Histoire de Ghanem Ben-Ayoub et de Qout el-Qoulub</subfield>
    </datafield>
    <datafield tag="441" ind1=" " ind2=" ">
      <subfield code="w">....baara.</subfield>
      <subfield code="a">Ġānim</subfield>
    </datafield>
    <datafield tag="441" ind1=" " ind2=" ">
      <subfield code="w">....baara.</subfield>
      <subfield code="a">Ġānim ibn Ayyūb wa Qūt al-Qulūb</subfield>
    </datafield>
    <datafield tag="502" ind1=" " ind2=" ">
      <subfield code="3">12008368</subfield>
      <subfield code="w">.1..b.fre.</subfield>
      <subfield code="a">Mille et une nuits</subfield>
    </datafield>
    <datafield tag="600" ind1=" " ind2=" ">
      <subfield code="a">Conte des "Mille et une nuits". Ganem, s'étant rendu à Bagdad pour écouler les marchandises de son père décédé et réfugié pour la nuit dans un cimetière, découvre une jeune fille endormie enfermée dans un coffre</subfield>
    </datafield>
    <datafield tag="610" ind1=" " ind2=" ">
      <subfield code="a">Bibliogr. des ouvrages arabes... / Victor Chauvin, [1986], n ̊188</subfield>
    </datafield>
    <datafield tag="610" ind1=" " ind2=" ">
      <subfield code="a">BN Service arabe</subfield>
    </datafield>
    <datafield tag="612" ind1=" " ind2=" ">
      <subfield code="a">BN Cat. gén. 1960-1969</subfield>
    </datafield>
    <datafield tag="907" ind1=" " ind2=" ">
      <subfield code="o">GEA</subfield>
      <subfield code="a">007336929</subfield>
    </datafield>
    <datafield tag="917" ind1=" " ind2=" ">
      <subfield code="o">OPL</subfield>
      <subfield code="a">013096698</subfield>
    </datafield>
  </record>