
  <record>
    <leader>00451c1 as22000272  45  </leader>
    <controlfield tag="001">FRBNF12023299X</controlfield>
    <controlfield tag="003">http://catalogue.bnf.fr/ark:/12148/cb120232991</controlfield>
    <controlfield tag="008">860101161205yyspa           1957                             010 </controlfield>
    <datafield tag="043" ind1=" " ind2=" ">
      <subfield code="a">te</subfield>
    </datafield>
    <datafield tag="100" ind1=" " ind2=" ">
      <subfield code="3">12104868</subfield>
      <subfield code="1">ISNI0000000116052524</subfield>
      <subfield code="w">.0..b.....</subfield>
      <subfield code="a">Quiroga Santa Cruz</subfield>
      <subfield code="m">Marcelo</subfield>
      <subfield code="d">1931-1980</subfield>
    </datafield>
    <datafield tag="145" ind1="1" ind2="6">
      <subfield code="w">.0  b.....</subfield>
      <subfield code="a">Los deshabitados</subfield>
    </datafield>
    <datafield tag="600" ind1=" " ind2=" ">
      <subfield code="a">Nouvelle</subfield>
    </datafield>
    <datafield tag="609" ind1=" " ind2=" ">
      <subfield code="r">edi1</subfield>
      <subfield code="d">1957</subfield>
    </datafield>
    <datafield tag="610" ind1=" " ind2=" ">
      <subfield code="a">Encyclopedia of Twentieth-Century Latin American and Caribbean Literature, 1900-2003 / ed. by Daniel Balderston and Mike Gonzalez, 2004</subfield>
    </datafield>
    <datafield tag="907" ind1=" " ind2=" ">
      <subfield code="o">GEA</subfield>
      <subfield code="a">001524917</subfield>
    </datafield>
    <datafield tag="917" ind1=" " ind2=" ">
      <subfield code="o">OPL</subfield>
      <subfield code="a">002867783</subfield>
    </datafield>
  </record>