
  <record>
    <leader>00379c1 as22000272  45  </leader>
    <controlfield tag="001">FRBNF161358155</controlfield>
    <controlfield tag="003">http://catalogue.bnf.fr/ark:/12148/cb161358157</controlfield>
    <controlfield tag="008">090921120625yyfre           1937                             010 </controlfield>
    <datafield tag="043" ind1=" " ind2=" ">
      <subfield code="o">te</subfield>
    </datafield>
    <datafield tag="100" ind1=" " ind2=" ">
      <subfield code="3">11907331</subfield>
      <subfield code="1">ISNI0000000122841036</subfield>
      <subfield code="w"> 0 2b.....</subfield>
      <subfield code="a">Hergé</subfield>
      <subfield code="d">1907-1983</subfield>
    </datafield>
    <datafield tag="145" ind1="1" ind2="6">
      <subfield code="w">.0..b.fre.</subfield>
      <subfield code="a">L'oreille cassée</subfield>
    </datafield>
    <datafield tag="502" ind1=" " ind2=" ">
      <subfield code="3">14578636</subfield>
      <subfield code="a">Hergé</subfield>
      <subfield code="d">1907-1983</subfield>
      <subfield code="t">Tintin</subfield>
    </datafield>
    <datafield tag="600" ind1=" " ind2=" ">
      <subfield code="a">Bande dessinée</subfield>
    </datafield>
    <datafield tag="610" ind1=" " ind2=" ">
      <subfield code="a">Dict. mondial de la bande dessinée / P. Gaumer, 2001 (sous : Tintin et Milou)</subfield>
    </datafield>
    <datafield tag="624" ind1=" " ind2=" ">
      <subfield code="a">740</subfield>
    </datafield>
    <datafield tag="624" ind1=" " ind2=" ">
      <subfield code="a">800</subfield>
    </datafield>
  </record>