
  <record>
    <leader>00979c0 as22000272  45  </leader>
    <controlfield tag="001">FRBNF146117485</controlfield>
    <controlfield tag="003">http://catalogue.bnf.fr/ark:/12148/cb146117484</controlfield>
    <controlfield tag="008">050309161019yyfre           2000                             010 </controlfield>
    <datafield tag="043" ind1=" " ind2=" ">
      <subfield code="a">mi</subfield>
      <subfield code="b">bd</subfield>
    </datafield>
    <datafield tag="100" ind1=" " ind2=" ">
      <subfield code="3">13575453</subfield>
      <subfield code="1">ISNI0000000079803674</subfield>
      <subfield code="w"> 0  b.....</subfield>
      <subfield code="a">Díaz Canales</subfield>
      <subfield code="m">Juan</subfield>
      <subfield code="d">1972-....</subfield>
    </datafield>
    <datafield tag="100" ind1=" " ind2=" ">
      <subfield code="3">13575454</subfield>
      <subfield code="1">ISNI0000000120317003</subfield>
      <subfield code="w">.0..b.....</subfield>
      <subfield code="a">Guarnido</subfield>
      <subfield code="m">Juanjo</subfield>
      <subfield code="d">1967-....</subfield>
    </datafield>
    <datafield tag="145" ind1="2" ind2="6">
      <subfield code="w">.0..b.....</subfield>
      <subfield code="a">Blacksad</subfield>
    </datafield>
    <datafield tag="460" ind1=" " ind2=" ">
      <subfield code="w">....b.....</subfield>
      <subfield code="a">Guarnido</subfield>
      <subfield code="m">Juanjo</subfield>
      <subfield code="d">1967-....</subfield>
      <subfield code="t">Blacksad</subfield>
    </datafield>
    <datafield tag="600" ind1=" " ind2=" ">
      <subfield code="a">Série de bandes dessinées policières</subfield>
      <subfield code="a">Dessins de Juanjo Guarnido, scénario de Juan Diaz Canalès</subfield>
      <subfield code="a">Conte les enquêtes du détective privé Blacksad</subfield>
    </datafield>
    <datafield tag="610" ind1=" " ind2=" ">
      <subfield code="a">CoinBD.com</subfield>
      <subfield code="u">http://www.coinbd.com/bd/albums/resume/93/blacksad</subfield>
      <subfield code="d">2005-03-09</subfield>
    </datafield>
    <datafield tag="610" ind1=" " ind2=" ">
      <subfield code="a">BD Paradisio</subfield>
      <subfield code="u">http://www.bdparadisio.com</subfield>
      <subfield code="d">2001-02-06</subfield>
    </datafield>
    <datafield tag="610" ind1=" " ind2=" ">
      <subfield code="a">Quelque part entre les ombres / scénario, Juan Díaz Canales ; dessins, Juanjo Guarnido, 2000</subfield>
    </datafield>
    <datafield tag="610" ind1=" " ind2=" ">
      <subfield code="a">Guarnido. I / [conception graphique, Bruno Bellamy, Olivier Vatine], impr. 2009</subfield>
    </datafield>
    <datafield tag="612" ind1=" " ind2=" ">
      <subfield code="a">Dict. mondial de la bande dessinée / P. Gaumer, 2001</subfield>
      <subfield code="a">Dictionnaire de la bande dessinée / H. Filippini, 1989</subfield>
    </datafield>
    <datafield tag="624" ind1=" " ind2=" ">
      <subfield code="a">740</subfield>
    </datafield>
    <datafield tag="624" ind1=" " ind2=" ">
      <subfield code="a">800</subfield>
    </datafield>
    <datafield tag="996" ind1=" " ind2=" ">
      <subfield code="o">OPP</subfield>
      <subfield code="a">14611749</subfield>
      <subfield code="d">20160928</subfield>
    </datafield>
  </record>