
  <record>
    <leader>00931c0 as22000272  45  </leader>
    <controlfield tag="001">FRBNF122281679</controlfield>
    <controlfield tag="003">http://catalogue.bnf.fr/ark:/12148/cb12228167p</controlfield>
    <controlfield tag="008">911210160818yy              1543      1554    ?              210 </controlfield>
    <datafield tag="043" ind1=" " ind2=" ">
      <subfield code="a">ic</subfield>
      <subfield code="b">de</subfield>
    </datafield>
    <datafield tag="100" ind1=" " ind2=" ">
      <subfield code="3">12195395</subfield>
      <subfield code="1">ISNI0000000080928298</subfield>
      <subfield code="w">.0 .b.....</subfield>
      <subfield code="a">Vermeyen</subfield>
      <subfield code="m">Jan Cornelisz</subfield>
      <subfield code="d">1500?-1559</subfield>
    </datafield>
    <datafield tag="145" ind1="1" ind2=" ">
      <subfield code="w">.1..b.fre.</subfield>
      <subfield code="a">La Conquête de Tunis</subfield>
    </datafield>
    <datafield tag="445" ind1="1" ind2=" ">
      <subfield code="w">....b.ger.</subfield>
      <subfield code="a">Kaiser Karl V. erobert Tunis</subfield>
    </datafield>
    <datafield tag="445" ind1="1" ind2=" ">
      <subfield code="w">....b.ger.</subfield>
      <subfield code="a">Der Eroberung von Tunis durch Karl V</subfield>
    </datafield>
    <datafield tag="445" ind1="1" ind2=" ">
      <subfield code="w">....b.eng.</subfield>
      <subfield code="a">Conquest of Tunis</subfield>
    </datafield>
    <datafield tag="445" ind1="1" ind2=" ">
      <subfield code="w">....b.eng.</subfield>
      <subfield code="a">Emperor Charles V Captures Tunis</subfield>
    </datafield>
    <datafield tag="445" ind1="1" ind2=" ">
      <subfield code="w">....b.ger.</subfield>
      <subfield code="a">Tunis-Kartons</subfield>
    </datafield>
    <datafield tag="600" ind1=" " ind2=" ">
      <subfield code="a">Série de 12 cartons pour tapisserie</subfield>
      <subfield code="a">10 de ses cartons sont conservés au Kunsthistorisches Museum de Vienne</subfield>
    </datafield>
    <datafield tag="610" ind1=" " ind2=" ">
      <subfield code="a">Jan Cornelisz Vermeyen painter of Charles V and his conquest of Tunis / Hendrik J. Horn, 1989</subfield>
    </datafield>
    <datafield tag="610" ind1=" " ind2=" ">
      <subfield code="a">Kunsthistorisches Museum</subfield>
      <subfield code="u">https://www.khm.at</subfield>
      <subfield code="d">2016-08-11</subfield>
    </datafield>
    <datafield tag="610" ind1=" " ind2=" ">
      <subfield code="a">Oxford art online</subfield>
      <subfield code="u">http://www.oxfordartonline.com</subfield>
      <subfield code="a">Allgemeines Künstlerlexikon</subfield>
      <subfield code="u">http://www.degruyter.com/view/AKL/</subfield>
      <subfield code="d">2016-08-11</subfield>
    </datafield>
    <datafield tag="624" ind1=" " ind2=" ">
      <subfield code="a">740</subfield>
    </datafield>
    <datafield tag="907" ind1=" " ind2=" ">
      <subfield code="o">GEA</subfield>
      <subfield code="a">003211789</subfield>
    </datafield>
    <datafield tag="917" ind1=" " ind2=" ">
      <subfield code="o">OPL</subfield>
      <subfield code="a">007884085</subfield>
    </datafield>
  </record>
  <record>
    <leader>00476c1 as22000272  45  </leader>
    <controlfield tag="001">FRBNF177111110</controlfield>
    <controlfield tag="003">http://catalogue.bnf.fr/ark:/12148/cb17711111q</controlfield>
    <controlfield tag="008">180129180130cz              195.    ?                        210 </controlfield>
    <datafield tag="043" ind1=" " ind2=" ">
      <subfield code="a">rt</subfield>
      <subfield code="b">er</subfield>
    </datafield>
    <datafield tag="145" ind1="0" ind2=" ">
      <subfield code="w">.0..b.fre.</subfield>
      <subfield code="a">Kniha týdne</subfield>
      <subfield code="e">émission radiophonique</subfield>
    </datafield>
    <datafield tag="321" ind1=" " ind2=" ">
      <subfield code="r">Animée par</subfield>
      <subfield code="3">12169169</subfield>
      <subfield code="9">100</subfield>
      <subfield code="w">.0..b.....</subfield>
      <subfield code="a">Čep</subfield>
      <subfield code="m">Jan</subfield>
      <subfield code="d">1902-1974</subfield>
    </datafield>
    <datafield tag="510" ind1=" " ind2=" ">
      <subfield code="3">12020924</subfield>
      <subfield code="9">110</subfield>
      <subfield code="w">20..b.eng.</subfield>
      <subfield code="a">Radio Free Europe</subfield>
    </datafield>
    <datafield tag="600" ind1=" " ind2=" ">
      <subfield code="a">Émission radiophonique littéraire</subfield>
    </datafield>
    <datafield tag="610" ind1=" " ind2=" ">
      <subfield code="a">Kniha týdne / Jan Čep ; [k vydání připravili Petr Komenda a Jan Zatloukal], 2015</subfield>
    </datafield>
    <datafield tag="624" ind1=" " ind2=" ">
      <subfield code="a">791</subfield>
    </datafield>
  </record>