
  <record>
    <leader>00440c0 as2200027   45  </leader>
    <controlfield tag="001">FRBNF123487283</controlfield>
    <controlfield tag="003">http://catalogue.bnf.fr/ark:/12148/cb123487281</controlfield>
    <controlfield tag="008">931117160818yy              1905                             210 </controlfield>
    <datafield tag="043" ind1=" " ind2=" ">
      <subfield code="a">ic</subfield>
      <subfield code="b">es</subfield>
    </datafield>
    <datafield tag="100" ind1=" " ind2=" ">
      <subfield code="3">11927608</subfield>
      <subfield code="1">ISNI0000000386894246</subfield>
      <subfield code="w">.0.2b.....</subfield>
      <subfield code="a">Van Maele</subfield>
      <subfield code="m">Martin</subfield>
      <subfield code="d">1863-1926</subfield>
    </datafield>
    <datafield tag="145" ind1="1" ind2=" ">
      <subfield code="w">.0  b.....</subfield>
      <subfield code="a">La Grande danse macabre des vifs</subfield>
    </datafield>
    <datafield tag="600" ind1=" " ind2=" ">
      <subfield code="a">Eaux-fortes éditées en 4 séries de dix, à Paris, chez Charles Carrington, ca 1905</subfield>
    </datafield>
    <datafield tag="610" ind1=" " ind2=" ">
      <subfield code="a">The satyrical drawings of Martin Van Maele, 1970</subfield>
    </datafield>
    <datafield tag="624" ind1=" " ind2=" ">
      <subfield code="a">760</subfield>
    </datafield>
    <datafield tag="907" ind1=" " ind2=" ">
      <subfield code="o">GEA</subfield>
      <subfield code="a">004735773</subfield>
    </datafield>
    <datafield tag="917" ind1=" " ind2=" ">
      <subfield code="o">OPL</subfield>
      <subfield code="a">009427306</subfield>
    </datafield>
  </record>
  <record>
    <leader>00629c0 as2200027   45  </leader>
    <controlfield tag="001">FRBNF177610273</controlfield>
    <controlfield tag="003">http://catalogue.bnf.fr/ark:/12148/cb17761027v</controlfield>
    <controlfield tag="008">180919221117frfre           1976      1982                   210 </controlfield>
    <datafield tag="043" ind1=" " ind2=" ">
      <subfield code="o">au</subfield>
    </datafield>
    <datafield tag="061" ind1=" " ind2=" ">
      <subfield code="a">er</subfield>
      <subfield code="e">etdi</subfield>
      <subfield code="m">je</subfield>
    </datafield>
    <datafield tag="145" ind1="0" ind2=" ">
      <subfield code="w">.0..b.fre.</subfield>
      <subfield code="a">Les visiteurs de Noël</subfield>
      <subfield code="e">émission télévisée</subfield>
    </datafield>
    <datafield tag="321" ind1=" " ind2=" ">
      <subfield code="r">Sur une idée originale de</subfield>
      <subfield code="3">12614264</subfield>
      <subfield code="9">100</subfield>
      <subfield code="w">.0..b.....</subfield>
      <subfield code="a">Izard</subfield>
      <subfield code="m">Christophe</subfield>
      <subfield code="d">1937-2022</subfield>
    </datafield>
    <datafield tag="600" ind1=" " ind2=" ">
      <subfield code="a">Émission pour la jeunesse de Christophe Izard et diffusée tous les après-midi pendant les vacances scolaires de Noël en direct</subfield>
    </datafield>
    <datafield tag="609" ind1=" " ind2=" ">
      <subfield code="r">dif1</subfield>
      <subfield code="p">fr</subfield>
      <subfield code="d">1976-12</subfield>
      <subfield code="t">sur TF1</subfield>
    </datafield>
    <datafield tag="609" ind1=" " ind2=" ">
      <subfield code="r">dif9</subfield>
      <subfield code="p">fr</subfield>
      <subfield code="d">1982-01</subfield>
      <subfield code="t">sur TF1</subfield>
    </datafield>
    <datafield tag="610" ind1=" " ind2=" ">
      <subfield code="a">Les visiteurs de notre enfance / Pierre-Alek Beddiar, Arnaud Magnier ; [présenté par Christophe Izard], DL 2016</subfield>
    </datafield>
    <datafield tag="624" ind1=" " ind2=" ">
      <subfield code="a">791</subfield>
    </datafield>
  </record>
  <record>
    <leader>01675c1 as22000272  452 </leader>
    <controlfield tag="001">FRBNF165488573</controlfield>
    <controlfield tag="003">http://catalogue.bnf.fr/ark:/12148/cb16548857s</controlfield>
    <controlfield tag="008">111109120529zzmul           199306                           1  1</controlfield>
    <datafield tag="040" ind1=" " ind2=" ">
      <subfield code="a">jp</subfield>
      <subfield code="a">us</subfield>
      <subfield code="a">eu</subfield>
    </datafield>
    <datafield tag="043" ind1=" " ind2=" ">
      <subfield code="a">lo</subfield>
      <subfield code="b">jv</subfield>
    </datafield>
    <datafield tag="145" ind1="0" ind2=" ">
      <subfield code="w">.0..bxjpn.</subfield>
      <subfield code="a">Zeruda no densetsu</subfield>
      <subfield code="i">Yume o miru shima</subfield>
      <subfield code="e">jeu vidéo</subfield>
    </datafield>
    <datafield tag="145" ind1="0" ind2=" ">
      <subfield code="w">.0..1.jpn.</subfield>
      <subfield code="a">ゼルダの伝説</subfield>
      <subfield code="i">夢をみる島</subfield>
      <subfield code="e">jeu vidéo</subfield>
    </datafield>
    <datafield tag="321" ind1="7" ind2=" ">
      <subfield code="3">13980292</subfield>
      <subfield code="9">110</subfield>
      <subfield code="w">20..b.eng.</subfield>
      <subfield code="a">Nintendo co.</subfield>
    </datafield>
    <datafield tag="445" ind1="0" ind2=" ">
      <subfield code="w">....b.eng.</subfield>
      <subfield code="a">The legend of Zelda</subfield>
      <subfield code="i">Link's awakening</subfield>
      <subfield code="e">jeu vidéo</subfield>
    </datafield>
    <datafield tag="445" ind1="0" ind2=" ">
      <subfield code="w">....bujpn.</subfield>
      <subfield code="a">Zelda no densetsu</subfield>
      <subfield code="i">Yume o miru shima</subfield>
      <subfield code="e">jeu vidéo</subfield>
    </datafield>
    <datafield tag="445" ind1="0" ind2=" ">
      <subfield code="w">....bxjpn.</subfield>
      <subfield code="a">Yume o miru shima</subfield>
      <subfield code="e">jeu vidéo</subfield>
    </datafield>
    <datafield tag="445" ind1="0" ind2=" ">
      <subfield code="w">....1.jpn.</subfield>
      <subfield code="a">夢をみる島</subfield>
      <subfield code="e">jeu vidéo</subfield>
    </datafield>
    <datafield tag="445" ind1="0" ind2=" ">
      <subfield code="w">....b.eng.</subfield>
      <subfield code="a">Link's awakening</subfield>
      <subfield code="e">jeu vidéo</subfield>
    </datafield>
    <datafield tag="445" ind1="0" ind2=" ">
      <subfield code="w">....bxjpn.</subfield>
      <subfield code="a">Zeruda no densetsu</subfield>
      <subfield code="i">Yume o miru shima DX</subfield>
      <subfield code="e">jeu vidéo</subfield>
    </datafield>
    <datafield tag="445" ind1="0" ind2=" ">
      <subfield code="w">....1.jpn.</subfield>
      <subfield code="a">ゼルダの伝説</subfield>
      <subfield code="i">夢をみる島DX</subfield>
      <subfield code="e">jeu vidéo</subfield>
    </datafield>
    <datafield tag="445" ind1="0" ind2=" ">
      <subfield code="w">....b.eng.</subfield>
      <subfield code="a">The legend of Zelda</subfield>
      <subfield code="i">Link's awakening DX</subfield>
      <subfield code="e">jeu vidéo</subfield>
    </datafield>
    <datafield tag="445" ind1="0" ind2=" ">
      <subfield code="w">....bxjpn.</subfield>
      <subfield code="a">Yume o miru shima DX</subfield>
      <subfield code="e">jeu vidéo</subfield>
    </datafield>
    <datafield tag="445" ind1="0" ind2=" ">
      <subfield code="w">....1.jpn.</subfield>
      <subfield code="a">夢をみる島DX</subfield>
      <subfield code="e">jeu vidéo</subfield>
    </datafield>
    <datafield tag="445" ind1="0" ind2=" ">
      <subfield code="w">....b.eng.</subfield>
      <subfield code="a">Link's awakening DX</subfield>
      <subfield code="e">jeu vidéo</subfield>
    </datafield>
    <datafield tag="502" ind1=" " ind2=" ">
      <subfield code="3">16549048</subfield>
      <subfield code="t">Zeruda no densetsu (jeu vidéo ; série)</subfield>
    </datafield>
    <datafield tag="600" ind1=" " ind2=" ">
      <subfield code="a">Édité par Nintendo co.</subfield>
    </datafield>
    <datafield tag="600" ind1=" " ind2=" ">
      <subfield code="a">Jeu d'action ; jeu d'aventure</subfield>
      <subfield code="a">Réédité en 1998 pour Game Boy color sous le titre "Yume o miru shima DX" (graphismes en couleur et contenu supplémentaire)</subfield>
    </datafield>
    <datafield tag="609" ind1=" " ind2=" ">
      <subfield code="r">dis1</subfield>
      <subfield code="p">jp</subfield>
      <subfield code="d">1993-06</subfield>
    </datafield>
    <datafield tag="609" ind1=" " ind2=" ">
      <subfield code="r">dis0</subfield>
      <subfield code="p">us</subfield>
      <subfield code="d">1993-08</subfield>
    </datafield>
    <datafield tag="609" ind1=" " ind2=" ">
      <subfield code="r">dis0</subfield>
      <subfield code="p">eu</subfield>
      <subfield code="d">1993-12</subfield>
    </datafield>
    <datafield tag="610" ind1=" " ind2=" ">
      <subfield code="a">The legend of Zelda 25th anniversary</subfield>
      <subfield code="u">http://www.nintendo.co.jp/zelda25th</subfield>
      <subfield code="d">2011-11-09</subfield>
    </datafield>
    <datafield tag="610" ind1=" " ind2=" ">
      <subfield code="a">Icotaku</subfield>
      <subfield code="u">http://jeu.icotaku.com/jeux/zelda-no-densetsu-yume-o-miru-shima/informations.html</subfield>
      <subfield code="d">2011-11-09</subfield>
    </datafield>
    <datafield tag="610" ind1=" " ind2=" ">
      <subfield code="a">Wikipedia</subfield>
      <subfield code="u">http://en.wikipedia.org/wiki/The_Legend_of_Zelda:_Link%27s_Awakening</subfield>
      <subfield code="d">2011-11-24</subfield>
    </datafield>
    <datafield tag="624" ind1=" " ind2=" ">
      <subfield code="a">793</subfield>
    </datafield>
    <datafield tag="624" ind1=" " ind2=" ">
      <subfield code="a">621</subfield>
    </datafield>
  </record>