
  <record>
    <leader>00829c0 as22000272  45  </leader>
    <controlfield tag="001">FRBNF120271889</controlfield>
    <controlfield tag="003">http://catalogue.bnf.fr/ark:/12148/cb120271882</controlfield>
    <controlfield tag="008">840101160809yy              1808                             210 </controlfield>
    <datafield tag="043" ind1=" " ind2=" ">
      <subfield code="a">ic</subfield>
      <subfield code="b">pe</subfield>
    </datafield>
    <datafield tag="100" ind1=" " ind2=" ">
      <subfield code="3">12213834</subfield>
      <subfield code="1">ISNI0000000121007760</subfield>
      <subfield code="w">.0 .b.....</subfield>
      <subfield code="a">Runge</subfield>
      <subfield code="m">Philipp Otto</subfield>
      <subfield code="d">1777-1810</subfield>
    </datafield>
    <datafield tag="145" ind1="1" ind2=" ">
      <subfield code="w">.1..b.ger.</subfield>
      <subfield code="a">Der Kleine Morgen</subfield>
    </datafield>
    <datafield tag="445" ind1="1" ind2=" ">
      <subfield code="w">....b.fre.</subfield>
      <subfield code="a">Le Matin</subfield>
    </datafield>
    <datafield tag="445" ind1="1" ind2=" ">
      <subfield code="w">....b.eng.</subfield>
      <subfield code="a">Morning</subfield>
    </datafield>
    <datafield tag="502" ind1=" " ind2=" ">
      <subfield code="3">17065149</subfield>
      <subfield code="a">Runge</subfield>
      <subfield code="m">Philipp Otto</subfield>
      <subfield code="d">1777-1810</subfield>
      <subfield code="t">Tageszeiten</subfield>
    </datafield>
    <datafield tag="600" ind1=" " ind2=" ">
      <subfield code="a">Fait partie du cycle des "Tageszeiten"</subfield>
      <subfield code="a">Petite version du "Grosse Morgen" de 1809, non terminé</subfield>
      <subfield code="a">Huile sur toile ; dimensions : 109 x 85,5 cm</subfield>
      <subfield code="a">Conservé à la Kunsthalle de Hambourg</subfield>
    </datafield>
    <datafield tag="609" ind1=" " ind2=" ">
      <subfield code="r">ach0</subfield>
      <subfield code="d">1808</subfield>
    </datafield>
    <datafield tag="610" ind1=" " ind2=" ">
      <subfield code="a">Allgemeines Künstlerlexikon</subfield>
      <subfield code="u">http://www.degruyter.com/view/AKL/</subfield>
      <subfield code="d">2016-08-09</subfield>
    </datafield>
    <datafield tag="610" ind1=" " ind2=" ">
      <subfield code="a">Philipp Otto Runge und Jakob Böhme / Karl Möseneder, 1981</subfield>
      <subfield code="a">Bénézit</subfield>
    </datafield>
    <datafield tag="610" ind1=" " ind2=" ">
      <subfield code="a">Oxford art online</subfield>
      <subfield code="u">http://www.oxfordartonline.com</subfield>
      <subfield code="d">2016-08-09</subfield>
    </datafield>
    <datafield tag="624" ind1=" " ind2=" ">
      <subfield code="a">750</subfield>
    </datafield>
    <datafield tag="907" ind1=" " ind2=" ">
      <subfield code="o">GEA</subfield>
      <subfield code="a">001551394</subfield>
    </datafield>
    <datafield tag="917" ind1=" " ind2=" ">
      <subfield code="o">OPL</subfield>
      <subfield code="a">00297213X</subfield>
    </datafield>
  </record>