
  <record>
    <leader>00375n1 as2200027   45  </leader>
    <controlfield tag="001">FRBNF177272583</controlfield>
    <controlfield tag="003">http://catalogue.bnf.fr/ark:/12148/cb177272589</controlfield>
    <controlfield tag="008">180412      yy              1853                             1   </controlfield>
    <datafield tag="043" ind1=" " ind2=" ">
      <subfield code="a">ic</subfield>
      <subfield code="b">ph</subfield>
    </datafield>
    <datafield tag="100" ind1=" " ind2=" ">
      <subfield code="3">14471395</subfield>
      <subfield code="1">ISNI000000007144155X</subfield>
      <subfield code="w">.0..b.....</subfield>
      <subfield code="a">Vallou de Villeneuve</subfield>
      <subfield code="m">Julien</subfield>
      <subfield code="d">1795-1866</subfield>
    </datafield>
    <datafield tag="145" ind1="1" ind2=" ">
      <subfield code="w">.0..b.fre.</subfield>
      <subfield code="a">Études d'après nature</subfield>
      <subfield code="e">1007</subfield>
    </datafield>
    <datafield tag="600" ind1=" " ind2=" ">
      <subfield code="a">Photographie</subfield>
    </datafield>
    <datafield tag="610" ind1=" " ind2=" ">
      <subfield code="a">Études d'après nature. 1007 [Image fixe] : [photographie] / J. Vallou de Villeneuve, [1853]</subfield>
    </datafield>
    <datafield tag="624" ind1=" " ind2=" ">
      <subfield code="a">770</subfield>
    </datafield>
  </record>