
  <record>
    <leader>00919c0 as22000272  45  </leader>
    <controlfield tag="001">FRBNF120711783</controlfield>
    <controlfield tag="003">http://catalogue.bnf.fr/ark:/12148/cb12071178b</controlfield>
    <controlfield tag="008">880329170818yy              1501      1504                   210 </controlfield>
    <datafield tag="043" ind1=" " ind2=" ">
      <subfield code="a">pl</subfield>
      <subfield code="b">sc</subfield>
    </datafield>
    <datafield tag="100" ind1=" " ind2=" ">
      <subfield code="3">11885845</subfield>
      <subfield code="1">ISNI0000000121243640</subfield>
      <subfield code="w"> 1  b.fre.</subfield>
      <subfield code="a">Michel-Ange</subfield>
      <subfield code="d">1475-1564</subfield>
    </datafield>
    <datafield tag="145" ind1="1" ind2=" ">
      <subfield code="w">.0  b.....</subfield>
      <subfield code="a">David</subfield>
    </datafield>
    <datafield tag="600" ind1=" " ind2=" ">
      <subfield code="a">Sculpture monumentale (h. 4,34 m) en marbre</subfield>
      <subfield code="a">Conservée à la Galleria dell'Accademia de Florence</subfield>
      <subfield code="a">Sa réplique est exposée devant le Palazzo Vecchio</subfield>
    </datafield>
    <datafield tag="609" ind1=" " ind2=" ">
      <subfield code="r">cre0</subfield>
      <subfield code="d">1501</subfield>
      <subfield code="e">1504</subfield>
    </datafield>
    <datafield tag="610" ind1=" " ind2=" ">
      <subfield code="a">GDEL (sous : Michel-Ange) : David</subfield>
      <subfield code="a">Oxford art online (sous : Michelangelo)</subfield>
      <subfield code="u">http://www.oxfordartonline.com</subfield>
      <subfield code="a">Universalis (sous : Michel-Ange)</subfield>
      <subfield code="u">http://www.universalis-edu.com</subfield>
      <subfield code="d">2012-10-05</subfield>
    </datafield>
    <datafield tag="610" ind1=" " ind2=" ">
      <subfield code="a">Le "David" de Michel-Ange / Frederick Hartt, 1988</subfield>
    </datafield>
    <datafield tag="624" ind1=" " ind2=" ">
      <subfield code="a">730</subfield>
    </datafield>
    <datafield tag="662" ind1=" " ind2=" ">
      <subfield code="a">RMN</subfield>
      <subfield code="b">16-523905</subfield>
      <subfield code="u">      https://www.photo.rmn.fr/archive/16-523905-2C6NU0A43Q3Q3.html</subfield>
    </datafield>
    <datafield tag="907" ind1=" " ind2=" ">
      <subfield code="o">GEA</subfield>
      <subfield code="a">001893184</subfield>
    </datafield>
    <datafield tag="917" ind1=" " ind2=" ">
      <subfield code="o">OPL</subfield>
      <subfield code="a">003982774</subfield>
    </datafield>
  </record>