
  <record>
    <leader>00705c1 as2200027   45  </leader>
    <controlfield tag="001">FRBNF145574869</controlfield>
    <controlfield tag="003">http://catalogue.bnf.fr/ark:/12148/cb14557486z</controlfield>
    <controlfield tag="008">040720190506yy              2016                             210 </controlfield>
    <datafield tag="043" ind1=" " ind2=" ">
      <subfield code="o">ba</subfield>
    </datafield>
    <datafield tag="063" ind1=" " ind2=" ">
      <subfield code="a">basc</subfield>
    </datafield>
    <datafield tag="100" ind1=" " ind2=" ">
      <subfield code="3">17810644</subfield>
      <subfield code="1">ISNI0000000070259174</subfield>
      <subfield code="w">.0..b.....</subfield>
      <subfield code="a">Molinari</subfield>
      <subfield code="m">Louis</subfield>
      <subfield code="d">1932-....</subfield>
    </datafield>
    <datafield tag="145" ind1="1" ind2=" ">
      <subfield code="w">.0..b.fre </subfield>
      <subfield code="a">Espace du Souvenir et de l'Espoir</subfield>
    </datafield>
    <datafield tag="609" ind1=" " ind2=" ">
      <subfield code="r">rea0</subfield>
      <subfield code="p">fr</subfield>
      <subfield code="d">2016</subfield>
      <subfield code="a">Champigny-sur-Marne</subfield>
    </datafield>
    <datafield tag="609" ind1=" " ind2=" ">
      <subfield code="r">ina0</subfield>
      <subfield code="p">fr</subfield>
      <subfield code="d">2016-06-11</subfield>
      <subfield code="a">Champigny-sur-Marne</subfield>
    </datafield>
    <datafield tag="610" ind1=" " ind2=" ">
      <subfield code="a">Le Monument  : le devoir de mémoire [Multimédia multisupport] / Valdemar Francisco,  2017</subfield>
      <subfield code="d">2019-05-03</subfield>
    </datafield>
    <datafield tag="624" ind1=" " ind2=" ">
      <subfield code="a">730</subfield>
    </datafield>
    <datafield tag="631" ind1=" " ind2=" ">
      <subfield code="a">En hommage à Louis Talamoni, et à la ville de Champigny-sur-Marne</subfield>
      <subfield code="a">Monument de 5 mètres de hauteur avec 7 livres en marbre massif posés sur une plate-forme octogonale revêtue de marbre, elle-même constituée de cinq marches en marbre massif</subfield>
    </datafield>
  </record>
  <record>
    <leader>00616c0 as22000272  45  </leader>
    <controlfield tag="001">FRBNF142931472</controlfield>
    <controlfield tag="003">http://catalogue.bnf.fr/ark:/12148/cb14293147k</controlfield>
    <controlfield tag="008">030310180818zzeng           1988                             1   </controlfield>
    <datafield tag="032" ind1=" " ind2=" ">
      <subfield code="a">0000-0000-4651-0000-B-0000-0000-4</subfield>
    </datafield>
    <datafield tag="040" ind1=" " ind2=" ">
      <subfield code="a">it</subfield>
      <subfield code="a">fr</subfield>
      <subfield code="a">es</subfield>
      <subfield code="a">at</subfield>
      <subfield code="a">de</subfield>
    </datafield>
    <datafield tag="043" ind1=" " ind2=" ">
      <subfield code="a">rt</subfield>
      <subfield code="b">tf</subfield>
    </datafield>
    <datafield tag="145" ind1="0" ind2="3">
      <subfield code="w">.0..b.ita.</subfield>
      <subfield code="a">Il treno di Lenin</subfield>
      <subfield code="e">film</subfield>
    </datafield>
    <datafield tag="321" ind1="3" ind2=" ">
      <subfield code="3">13892942</subfield>
      <subfield code="9">100</subfield>
      <subfield code="w"> 0  b     </subfield>
      <subfield code="a">Damiani</subfield>
      <subfield code="m">Damiano</subfield>
      <subfield code="d">1922-2013</subfield>
    </datafield>
    <datafield tag="445" ind1="0" ind2="3">
      <subfield code="w">....b.eng.</subfield>
      <subfield code="a">Lenin, the train</subfield>
      <subfield code="e">film</subfield>
    </datafield>
    <datafield tag="460" ind1=" " ind2=" ">
      <subfield code="w">....b.....</subfield>
      <subfield code="a">Damiani</subfield>
      <subfield code="m">Damiano</subfield>
      <subfield code="d">1922-2013</subfield>
      <subfield code="t">Il treno di Lenin</subfield>
    </datafield>
    <datafield tag="460" ind1=" " ind2=" ">
      <subfield code="w">....b.....</subfield>
      <subfield code="a">Damiani</subfield>
      <subfield code="m">Damiano</subfield>
      <subfield code="d">1922-2013</subfield>
      <subfield code="t">Lenin, the train</subfield>
    </datafield>
    <datafield tag="600" ind1=" " ind2=" ">
      <subfield code="a">Téléfilm</subfield>
    </datafield>
    <datafield tag="609" ind1=" " ind2=" ">
      <subfield code="r">dif1</subfield>
      <subfield code="p">it</subfield>
      <subfield code="d">1988-11-30</subfield>
      <subfield code="t">sur la chaîne Rai Uno</subfield>
    </datafield>
    <datafield tag="609" ind1=" " ind2=" ">
      <subfield code="r">dif1</subfield>
      <subfield code="p">fr</subfield>
      <subfield code="d">1990-04-30</subfield>
    </datafield>
    <datafield tag="610" ind1=" " ind2=" ">
      <subfield code="a">IMDb</subfield>
      <subfield code="u">http://www.imdb.com</subfield>
      <subfield code="d">2017-05-30</subfield>
    </datafield>
  </record>
</collection>
